@Inbook{Heule2016,
author="Heule, Marijn J. H.
and Kullmann, Oliver
and Marek, Victor W.",
editor="Creignou, Nadia
and Le Berre, Daniel",
title="Solving and Verifying the Boolean Pythagorean Triples Problem via Cube-and-Conquer",
bookTitle="Theory and Applications of Satisfiability Testing -- SAT 2016: 19th International Conference, Bordeaux, France, July 5-8, 2016, Proceedings",
year="2016",
publisher="Springer International Publishing",
address="Cham",
pages="228--245",
isbn="978-3-319-40970-2",
doi="10.1007/978-3-319-40970-2_15",
url="http://dx.doi.org/10.1007/978-3-319-40970-2_15"
}

@article{Schur1917,
author = "Schur, Issai",
title = "{\"{U}}ber die {K}ongruenz $x^m + y^m = z^m \pmod p$ ",
journal = "Jahresbericht der Deutschen Mathematikervereinigung",
volume = "25",
year = "1917",
pages = "114--117"
}

@inproceedings{LPAR23,
  author    = {Peter Oostema and Ruben Martins and Marijn Heule},
  title     = {Coloring Unit-Distance Strips using SAT},
  booktitle = {LPAR23. LPAR-23: 23rd International Conference on Logic for Programming, Artificial Intelligence and Reasoning},
  editor    = {Elvira Albert and Laura Kovacs},
  series    = {EPiC Series in Computing},
  volume    = {73},
  pages     = {373--389},
  year      = {2020},
  publisher = {EasyChair},
  bibsource = {EasyChair, https://easychair.org},
  issn      = {2398-7340},
  url       = {https://easychair.org/publications/paper/69T4},
  doi       = {10.29007/btmj}}

@article{SanchezFlores54,
  title={On tournaments free of large transitive subtournaments},
  author={Sanchez-Flores, Adolfo},
  journal={Graphs and Combinatorics},
  volume={14},
  number={2},
  pages={181--200},
  year={1998},
  publisher={Springer}
}

@article{SanchezFlores55,
  title={On tournaments and their largest transitive subtournaments},
  author={Sanchez-Flores, Adolfo},
  journal={Graphs and Combinatorics},
  volume={10},
  number={2-4},
  pages={367--376},
  year={1994},
  publisher={Springer}
}

@book{Moon,
  title={Topics on tournaments in graph theory},
  author={Moon, John W},
  year={2015},
  publisher={Courier Dover Publications}
}

@misc{McKay,
  title = {Digraphs},
  howpublished = {\url{http://users.cecs.anu.edu.au/~bdm/data/digraphs.html}},
  author = {McKay, Brendan},
  note = {Accessed: 2019-09-30}
}
 
@article{ErdosMoser,
  title={On the representation of directed graphs as unions of orderings},
  author={Erd\H{o}s, Paul and Moser, Leo},
  journal={Math. Inst. Hung. Acad. Sci},
  volume={9},
  pages={125--132},
  year={1964}
}


@article{DBLP:journals/dam/Gelder08,
  author    = {Allen Van Gelder},
  title     = {Another look at graph coloring via propositional satisfiability},
  journal   = {Discrete Applied Mathematic},
  volume    = {156},
  number    = {2},
  pages     = {230--243},
  year      = {2008}
}

@misc{coloring-urls,
  author = {Jaan Parts},
  title = {Blog post on Polymath16},
  howpublished = "\url{https://dustingmixon.wordpress.com/2018/08/28/polymath16-tenth-thread-open-sat-instances/#comment-5488}",
  year = {2018}, 
  note = "[Online; accessed 21-February-2020]"
}

@article{Jaan509,
title={Graph minimization, focusing on the example of 5-chromatic
unit-distance graphs in the plane},
author={Jaan Parts},
year={2020},
issue={4},
volume={29},
journal={Geombinatorics},
}

@misc{Alexeev,
  author = {Boris Alexeev},
  title = {Blog post on Polymath16},
  howpublished = "\url{https://dustingmixon.wordpress.com/2018/06/16/polymath16-seventh-thread-upper-bounds/#comment-4827}",
  year = {2018}, 
  note = "[Online; accessed 23-April-2020]"
}

@inproceedings{POS-18:Effect_of_Scrambling_CNFs,
  author    = {Armin Biere and Marijn Heule},
  title     = {{The Effect of Scrambling CNFs}},
  booktitle = {Proceedings of Pragmatics of SAT 2015 and 2018},
  editor    = {Daniel Le Berre and Matti J\"arvisalo},
  series    = {EPiC Series in Computing},
  volume    = {59},
  pages     = {111--126},
  year      = {2019},
  publisher = {EasyChair},
  bibsource = {EasyChair, https://easychair.org},
  issn      = {2398-7340},
  url       = {https://easychair.org/publications/paper/HtqQ},
  doi       = {10.29007/9dj5}}


@InProceedings{CP19,
author="Heule, Marijn J. H.",
editor="Schiex, Thomas
and de Givry, Simon",
title="Trimming Graphs Using Clausal Proof Optimization",
booktitle="Principles and Practice of Constraint Programming",
year="2019",
publisher="Springer International Publishing",
address="Cham",
pages="251--267",
}


@article{Pritikin,
title = "All Unit-Distance Graphs of Order 6197 Are 6-Colorable",
journal = "Journal of Combinatorial Theory, Series B",
volume = "73",
number = "2",
pages = "159 - 163",
year = "1998",
issn = "0095-8956",
author = "Dan Pritikin",
}

@article{coloring-bounds,
  author    = {Maria Axenovich and
               JiHyeok Choi and
               Michelle A. Lastrina and
               T. McKay and
               J. Smith and
               B. Stanton},
  title     = {On the Chromatic Number of Subsets of the Euclidean Plane},
  journal   = {Graphs and Combinatorics},
  volume    = {30},
  number    = {1},
  pages     = {71--81},
  year      = {2014},
  url       = {https://doi.org/10.1007/s00373-012-1249-9},
  doi       = {10.1007/s00373-012-1249-9},
  timestamp = {Sat, 27 May 2017 14:22:52 +0200},
  biburl    = {https://dblp.org/rec/bib/journals/gc/AxenovichCLMSS14},
  bibsource = {dblp computer science bibliography, https://dblp.org}
}

@article{epsilon-coloring,
	author = {Felix Bock},
	title = { Epsilon-colorings of strips},
	journal = {Acta Mathematica Universitatis Comenianae},
	volume = {88},
	number = {3},
	year = {2019}
}

@article{bauslaugh1998tearing,
  title={Tearing a strip off the plane},
  author={Bauslaugh, Bruce L},
  journal={Journal of Graph Theory},
  volume={29},
  number={1},
  pages={17--33},
  year={1998},
  publisher={Wiley Online Library}
}

@inproceedings{heule17_shortproofs,
  title 	= {Short Proofs Without New Variables},
  author    = {Heule, Marijn J. H. and
				Kiesl, Benjamin and
               	Biere, Armin},
  year 		= {2017},
  booktitle = {Proc.\ of the 26th Int.\ Conference on Automated Deduction (CADE-26)},
  pages	= {130--147},
  editor 	= {Leonardo de Moura},
  publisher	= {Springer},
  series	= {LNCS},
  volume	= {10395},
  address	= {Heidelberg}
}

@article{deconstruct,
  title={Locating Minimal Infeasible Constraint Sets in Linear Programs},
  author={Chinneck, John W. and Dravnieks, Erik W.},
  journal={INFORMS Journal on Computing},
  volume={3},
  issue={2},
  year={1991},
  pages={157--168},
}

@phdthesis{Zhang:2003,
 author = {Zhang, Lintao},
 advisor = {Malik, Sharad},
 title = {Searching for Truth: Techniques for Satisfiability of Boolean Formulas},
 year = {2003},
 school = {Princeton University},
 address = {Princeton, NJ, USA},
} 


@InProceedings{SMUS1,
author="Ignatiev, Alexey
and Previti, Alessandro
and Liffiton, Mark
and Marques-Silva, Joao",
editor="Pesant, Gilles",
title="Smallest MUS Extraction with Minimal Hitting Set Dualization",
booktitle="Principles and Practice of Constraint Programming",
year="2015",
publisher="Springer International Publishing",
address="Cham",
pages="173--182",
}

@Article{SMUS2,
author="Liffiton, Mark
and Mneimneh, Maher
and Lynce, In{\^e}s
and Andraus, Zaher
and Marques-Silva, Jo{\~a}o
and Sakallah, Karem",
title="A branch and bound algorithm for extracting smallest minimal unsatisfiable subformulas",
journal="Constraints",
year="2008",
month="Aug",
day="05",
volume="14",
number="4",
pages="415",
}

@InProceedings{SMUS3,
author="Mneimneh, Maher
and Lynce, In{\^e}s
and Andraus, Zaher
and Marques-Silva, Jo{\~a}o
and Sakallah, Karem",
editor="Bacchus, Fahiem
and Walsh, Toby",
title="A Branch-and-Bound Algorithm for Extracting Smallest Minimal Unsatisfiable Formulas",
booktitle="Theory and Applications of Satisfiability Testing",
year="2005",
publisher="Springer Berlin Heidelberg",
address="Berlin, Heidelberg",
pages="467--474",
}



@article{Hadwiger1950,
author="Hadwiger, H.",
title="Minkowskische Addition und Subtraktion beliebiger Punktmengen und die Theoreme von Erhard Schmidt",
journal="Mathematische Zeitschrift",
year="1950",
month="Jun",
day="01",
volume="53",
number="3",
pages="210--218",
issn="1432-1823",
}


@article{Geo,
author={Heule, Marijn J. H.},
year={2018},
title={Computing Small Unit-Distance Graphs with Chromatic Number 5},
journal={Geombinatorics},
volume={XXVIII},
issue={1},
pages={32-50},
}

@inproceedings{MUS2004,
  author    = {In{\^{e}}s Lynce and
               Marques Silva, Jo{\~{a}}o P.},
  title     = {On Computing Minimum Unsatisfiable Cores},
  booktitle = {{SAT} 2004 - The Seventh International Conference on Theory and Applications
               of Satisfiability Testing, 10-13 May 2004, Vancouver, BC, Canada,
               Online Proceedings},
  year      = {2004},
  crossref  = {DBLP:conf/sat/2004},
  timestamp = {Tue, 10 Jan 2006 08:26:54 +0100},
  biburl    = {https://dblp.org/rec/bib/conf/sat/LynceM04},
  bibsource = {dblp computer science bibliography, https://dblp.org}
}

@inproceedings{MUS2011,
 author = {Marques-Silva, Joao and Lynce, Ines},
 title = {On Improving MUS Extraction Algorithms},
 booktitle = {Proceedings of the 14th International Conference on Theory and Application of Satisfiability Testing},
 series = {SAT'11},
 year = {2011},
 isbn = {978-3-642-21580-3},
 location = {Ann Arbor, MI},
 pages = {159--173},
 numpages = {15},
 acmid = {2023493},
 publisher = {Springer-Verlag},
 address = {Berlin, Heidelberg},
} 

@inproceedings{MUS2014,
  author    = {Anton Belov and
               Marijn Heule and
               Jo{\~{a}}o Marques{-}Silva},
  title     = {{MUS} Extraction Using Clausal Proofs},
  booktitle = {Theory and Applications of Satisfiability Testing - {SAT} 2014},
  pages     = {48--57},
  year      = {2014},
  crossref  = {DBLP:conf/sat/2014},
}

@proceedings{DBLP:conf/sat/2014,
  editor    = {Carsten Sinz and
               Uwe Egly},
  title     = {Theory and Applications of Satisfiability Testing - {SAT} 2014},
  series    = {Lecture Notes in Computer Science},
  volume    = {8561},
  publisher = {Springer},
  year      = {2014},
}

@proceedings{DBLP:conf/sat/2004,
  title     = {{SAT} 2004 - The Seventh International Conference on Theory and Applications
               of Satisfiability Testing, 10-13 May 2004, Vancouver, BC, Canada,
               Online Proceedings},
  year      = {2004},
  timestamp = {Mon, 06 Jun 2005 13:58:12 +0200},
  biburl    = {https://dblp.org/rec/bib/conf/sat/2004},
  bibsource = {dblp computer science bibliography, https://dblp.org}
}

@inproceedings{RitircBiereKauers-SCSC18,
  author = {Daniela Ritirc and Armin Biere and Manuel Kauers},
  title = {A Practical Polynomial Calculus for Arithmetic Circuit Verification},
  booktitle = {3rd International Workshop on Satisfiability Checking and Symbolic Computation},
  note = {To appear},
  year = {2018},
}

@BOOK{GJ73,
author = "Garey, Michael R., and Johnson, David S.",
title = "A Guide to the Theory of the NP-Completeness",
publisher = "W. H. Freeman and Company",
address = "New York",
year = 1979,
}

@article{deBruijn,
  author={de Bruijn, N. G. and Erd\H{o}s, Paul},
  year = {1951}, 
  title = {A colour problem for infinite graphs and a problem in the theory of relations},
  journal = {Nederl. Akad. Wetensch. Proc. Ser. A},
  volume = {54},
  pages = {371--373},
}

@book{coloring,
	affiliation = {College of Letters Arts and Sciences, University of Colorado at Colorado Springs},
	author = {Soifer, Alexander},
	isbn = {978-0-387-74640-1},
	publisher = {Springer New York},
	title = {The Mathematical Coloring Book},
	year = {2009}
}

@book{Singular,
 author = {Greuel, Gert-Martin and Pfister, Gerhard},
 title = {A Singular Introduction to Commutative Algebra},
 year = {2007},
 isbn = {3540735410, 9783540735410},
 edition = {2nd},
 publisher = {Springer},
} 
[download]

@inproceedings{ijcai2017-98,
  author    = {Mao Luo and
               Chu{-}Min Li and
               Fan Xiao and
               Felip Many{\`{a}} and
               Zhipeng L{\"{u}}},
  title     = {An Effective Learnt Clause Minimization Approach for {CDCL} {SAT} Solvers},
  booktitle = {Proceedings of the Twenty-Sixth International Joint Conference on
               Artificial Intelligence, {IJCAI-17}},
  pages     = {703--711},
  year      = {2017},
  doi       = {10.24963/ijcai.2017/98},
}

@inproceedings{rat,
author="Heule, Marijn J. H. and {Hunt Jr.}, Warren A. and Wetzler, Nathan D.",
title="Verifying Refutations with Extended Resolution",
bookTitle="Automated Deduction -- CADE-24",
year="2013",
publisher="Springer Berlin Heidelberg",
pages="345--359",
}

@misc{Cooper1344,
  author = {Joshua Cooper and Chris Poirel},
  title = {Note on the {P}ythagorean Triple System},
  year = {2008},
  url= {\url{http://www.math.sc.edu/?cooper/pth.pdf}},
}

@PHDTHESIS{Myers2015,
     author = {Myers, Kellen John},
     school= {Rutgers University},
     title = {Computational advances in Rado numbers},
     year = {2015},
}

@article{WS4,
  author={Blanchard, Peter F. and  Harary, Frank and Reis, Rog\'erio},
  title={Partitions into sum-free sets},
  journal={Integers},
  volume={6},
  note={\#{}A07},
  year={2006},
}

@inproceedings{glucose,
  author    = {Gilles Audemard and
               Laurent Simon},
  title     = {Predicting Learnt Clauses Quality in Modern {SAT} Solvers},
  booktitle = {21st International Joint Conference on Artificial Intelligence},
  pages     = {399--404},
  year      = {2009},
}

  
@inproceedings{SC16,
  author = {Balyo, Tomas  and Heule, Marijn J. H. and J\"arvisalo, Matti},
  title={SAT Competition 2016: Recent Developments},
  booktitle={AAAI 2017},
  pages= {5061--5063},
  year={2017},
}  

@Inbook{Heule2015,
  author="Heule, Marijn J. H. and {Hunt Jr.}, Warren A. and Wetzler, Nathan D.",
  title="Expressing Symmetry Breaking in DRAT Proofs",
  bookTitle="Automated Deduction -- CADE-25",
  year="2015",
  publisher="Springer International Publishing",
  pages="591--606",
}


@inproceedings{Crawford,
    author = {Crawford, James M. and Ginsberg Matthew L. and Luks, Eugene M. and Roy, Amitabha},
    title = {Symmetry-Breaking Predicates for Search Problems},
    booktitle = {Proceedings of International Conference on Knowledge Representation and Reasoning},
    year={1996},
    pages = {148--159},
    publisher = {Morgan Kaufmann},
}

@Inproceedings{ITP2017,
author="Heule, Marijn J. H.
and {Hunt Jr.}, Warren A.
and Kaufmann, Matt
and Wetzler, Nathan D.",
editor="Ayala-Rinc{\'o}n, Mauricio
and Mu{\~{n}}oz, C{\'e}sar A.",
title="Efficient, Verified Checking of Propositional Proofs",
bookTitle="Interactive Theorem Proving: 8th International Conference, ITP 2017, Bras{\'i}lia, Brazil, September 26--29, 2017, Proceedings",
year="2017",
publisher="Springer",
pages="269--284",
}




@article{ACL2,
 author = {Kaufmann, Matt and Moore, J S.},
 title = {An Industrial Strength Theorem Prover for a Logic Based on Common Lisp},
 journal = {IEEE Trans. Softw. Eng.},
 issue_date = {April 1997},
 volume = {23},
 number = {4},
 month = apr,
 year = {1997},
 issn = {0098-5589},
 pages = {203--213},
 numpages = {11},
 publisher = {IEEE Press},
} 

@article{Moser,
  author={Moser, L. and Moser, W.},
  year= {1961}, 
  title = {Solution to problem 10},
  journal = {Can. Math. Bull.},
  volume = {4},
  pages ={187--189},
}

@article{Hadwiger,
  author={H. Hadwiger},
  title ={{\"U}berdeckung des {E}uklidischen {R}aum durch kongruente {M}engen},
  journal = {Portugaliae Math.},
  volume = {4},
  year = {1945},
  pages = {238--242},
}


@inproceedings{DRUPing,
 author = {Gurfinkel, Arie and Vizel, Yakir},
 title = {{DRUP}ing for Interpolants},
 booktitle = {Proceedings of the 14th Conference on Formal Methods in Computer-Aided Design},
 series = {FMCAD '14},
 year = {2014},
 isbn = {978-0-9835678-4-4},
 location = {Lausanne, Switzerland},
 pages = {19:99--19:106},
 articleno = {19},
 numpages = {8},
 acmid = {2682945},
 publisher = {FMCAD Inc},
 address = {Austin, TX},
}

@inproceedings{tph,
  author="Armin Biere",
  title="Two Pigeons per Hole Problem",
  year="2013",
  pages="103",
  booktitle="Proceedings of SAT Competition 2013: Solver and Benchmark Descriptions",
}


@article{DeGrey,
  author={de Grey, Aubrey D. N. J.},
  title={The chromatic number of the plane is at least 5},
year={2018},
journal={Geombinatorics},
volume={XXVIII},
issue={1},
pages={18-31},
}


@inproceedings{Cruz-Filipe2017,
  author="Cruz-Filipe, Lu{\'i}s and Heule, Marijn J. H. and {Hunt Jr.}, Warren A. and Kaufmann, Matt and Schneider-Kamp, Peter",
  title="Efficient Certified {RAT} Verification",
  bookTitle="Automated Deduction -- CADE 26",
  year="2017",
  publisher="Springer",
  pages="220--236",
}

@inproceedings{DBLP:conf/cade/Cruz-FilipeHHKS17,
  author    = {Cruz{-}Filipe, Lu{\'{\i}}s and
               Heule, Marijn J. H. and
               {Hunt Jr.}, Warren A.  and
               Kaufmann, Matt and
               Schneider{-}Kamp, Peter},
  title     = {Efficient Certified {RAT} Verification},
  booktitle = {{CADE}},
  series    = {Lecture Notes in Computer Science},
  volume    = {10395},
  pages     = {220--236},
  publisher = {Springer},
  year      = {2017}
}


@inproceedings{Lammich2017,
author="Lammich, Peter",
title="Efficient Verified ({UN}){SAT} Certificate Checking",
bookTitle="Automated Deduction -- CADE 26",
year="2017",
publisher="Springer",
pages="237--254",
}




@inproceedings{backdoor,
 author = {Williams, Ryan and Gomes, Carla P. and Selman, Bart},
 title = {Backdoors to Typical Case Complexity},
 booktitle = {International Joint Conference on Artificial Intelligence -- IJCAI 2003},
 year = {2003},
 pages = {1173--1178},
 numpages = {6},
 publisher = {Morgan Kaufmann Publishers Inc.},
} 


@article{Exoo,
  author = {Geoffrey Exoo},
  title = {A Lower Bound for {S}chur Numbers and Multicolor {R}amsey Numbers of $K_3$},
  journal = {The Electronic Journal of Combinatorics},
  volume = {1},
  year = {1994},
  note = {\#{}R8},
}

@article{RamseySA,
   author = {{Graham}, R.~L. and {Spencer}, J.~H.},
    title = "{Ramsey Theory}",
  journal = {Scientific American},
     year = 1990,
    month = jul,
   volume = 263,
    pages = {112-117},
}

@inproceedings{PR,
author="Heule, Marijn J. H. and Kiesl, Benjamin and Biere, Armin",
title="Short Proofs Without New Variables",
bookTitle="Automated Deduction -- CADE 26",
year="2017",
publisher="Springer International Publishing",
address="Cham",
pages="130--147",
}


@article{modular,
  author={Abbott, H. L. and Wang, E. T. H.},
  title={Sum-free sets of integers},
  journal={Proc. Amer. Math. Soc.},
  volume={67},
  pages={11--16},
  year={1977},
}  

@article{vdW,
  author={Heule, Marijn J. H. }, 
  year={2017},
  title={Avoiding Triples in Arithmetic Progression},
  journal={Journal of Combinatorics},
  volume={8},
  issue={3},
  pages={391--422},
}

@inproceedings{within,
  author={Heule, Marijn J. H. and Walsh, Toby},
  title={Symmetry within solutions},
  booktitle={Proceedings of the Twenty-Fourth AAAI Conference on Artificial Intelligence (AAAI '10)},
  pages={77-882},
  year={2010},
  publisher={AAAI Press},
}  

@article{S44,
 author = {Golomb, Solomon W. and Baumert, Leonard D.},
 title = {Backtrack Programming},
 journal = {Journal of the ACM},
 issue_date = {Oct. 1965},
 volume = {12},
 number = {4},
 month = oct,
 year = {1965},
 issn = {0004-5411},
 pages = {516--524},
 numpages = {9},
 url = {http://doi.acm.org/10.1145/321296.321300},
 doi = {10.1145/321296.321300},
 acmid = {321300},
 publisher = {ACM},
 address = {New York, NY, USA},
} 

@article{walker,
  author={Walker, G.W.},
  title={A problem in partitioning},
  journal={American Mathematical Monthly},
  volume={59},
  year={1952},
  pages={253},
}

@article{extension,
 author={Irving, R. W.},
 title={An extension of {S}chur's theorem on sum-free partitions},
 journal={Acta Arithmetica},
volume={25},
 pages={55--64},
 year={1973},
 }

@article{weak,
title = "Weak {S}chur numbers and the search for {G}.{W}. {W}alker's lost partitions",
journal = "Computers \& Mathematics with Applications",
volume = "63",
number = "1",
pages = "175 - 182",
year = "2012",
note = "",
issn = "0898-1221",
doi = "http://dx.doi.org/10.1016/j.camwa.2011.11.006",
author = "S. Eliahou and J.M. Mar\'i­n and M.P. Revuelta and M.I. Sanz",
}

@article{Palin,
  author    = {Harold Fredricksen and
               Melvin M. Sweet},
  title     = {Symmetric Sum-Free Partitions and Lower Bounds for {S}chur Numbers},
  journal   = {Electronic Journal of Combinatorics},
  volume    = {7},
  year      = {2000},
  note = {\#{}R32},
  url       = {http://www.combinatorics.org/Volume_7/Abstracts/v7i1r32.html},
  timestamp = {Tue, 05 Oct 2004 01:00:00 +0200},
  biburl    = {http://dblp.uni-trier.de/rec/bib/journals/combinatorics/FredricksenS00},
  bibsource = {dblp computer science bibliography, http://dblp.org}
}

@article{DBLP:journals/jct/BaumHLS77,
  author    = {Leonard E. Baum and
               Norman P. Herzberg and
               S. J. Lomonaco Jr. and
               Melvin M. Sweet},
  title     = {Fields of Almost Periodic Sequences},
  journal   = {J. Comb. Theory, Ser. {A}},
  volume    = {22},
  number    = {2},
  pages     = {169--180},
  year      = {1977},
  url       = {https://doi.org/10.1016/0097-3165(77)90049-8},
  doi       = {10.1016/0097-3165(77)90049-8},
  timestamp = {Sat, 27 May 2017 01:00:00 +0200},
  biburl    = {http://dblp.uni-trier.de/rec/bib/journals/jct/BaumHLS77},
  bibsource = {dblp computer science bibliography, http://dblp.org}
}

@book{Guy,
      author        = "Guy, Richard K",
      title         = "{Unsolved problems in number theory; 2nd ed.}",
      publisher     = "Springer",
      address       = "New York",
      series        = "Problem Books in Mathematics Unsolved Problems in
                       Intuitive Mathematics",
      year          = "1994",
}

@MastersThesis{Kay1514,
 title={An Overview of the Constructive Local Lemma},
 year={2009},
 author={William Kay},
 school={University of South Carolina},
}

@incollection{Karp,
author = "Karp, Richard M.",
title = "Reducibility among combinatorial problems",
booktitle = "Complexity of Computer Computations",
editor = "Miller, R.E. and Thatcher, J.W.",
publisher = "Plenum Press",
pages = "85--103",
year = "1972",
}

@article{biere2013,
  title={{Lingeling, Plingeling and Treengeling entering the SAT competition 2013}},
  author={Biere, Armin},
  journal={Proceedings of SAT Competition 2013},
  pages={51},
  year={2013}
}

@book{eg:1980,
   title = "Old and new problems and results in combinatorial number theory",
   author = "Erd{\"{o}}s, P{\'{a}}l and Graham, Ronald Lewis",
   series = "Monographie de l'Enseignement math{\'{e}}matique",
   publisher = "L'Enseignement math{\'{e}}matique, Universit{\'{e}} de Gen{\`{e}}ve",
   address = "Gen{\`{e}}ve",
   url = "http://opac.inria.fr/record=b1090537",
   year = 1980
}

@misc{CL16,
    author = {Ernie Croot and Vsevolod F. Lev},
    title = {Open problems in additive combinatorics},
    year = {2011},
    note={\url{http://people.math.gatech.edu/~ecroot/E2S-01-11.pdf}. Accessed January 2016},
}

@inproceedings{DMT04,
author="Dransfield, Michael R.
and Marek, Victor W.
and Truszczy{\'{n}}ski, Miros{\l}aw",
editor="Giunchiglia, Enrico
and Tacchella, Armando",
title="Satisfiability and Computing van der {W}aerden Numbers",
booktitle="Theory and Applications of Satisfiability Testing: 6th International Conference, SAT 2003, Santa Margherita Ligure, Italy, May 5-8, 2003, Selected Revised Papers",
year="2004",
publisher="Springer Berlin Heidelberg",
address="Berlin, Heidelberg",
pages="1--13",
isbn="978-3-540-24605-3",
doi="10.1007/978-3-540-24605-3_1"
}


@inproceedings{comproof,
author="Heule, Marijn J. H.
and Biere, Armin",
editor="Davis, Martin
and Fehnker, Ansgar
and McIver, Annabelle
and Voronkov, Andrei",
title="Compositional Propositional Proofs",
booktitle="Logic for Programming, Artificial Intelligence, and Reasoning: 20th International Conference, LPAR-20 2015, Suva, Fiji, November 24-28, 2015, Proceedings",
year="2015",
publisher="Springer Berlin Heidelberg",
address="Berlin, Heidelberg",
pages="444--459",
isbn="978-3-662-48899-7",
doi="10.1007/978-3-662-48899-7_31"
}


@inproceedings{ziproof,
   author="Heule, Marijn J. H. and Biere, Armin",
   title="Clausal Proof Compression",
   booktitle="11th International Workshop on the Implementation of Logics",
   year="2015",
   url={http://www.eprover.org/EVENTS/IWIL-2015/IWIL2015Proc.pdf}
}

@article{Levin,
author = "Levin, Leonid",
title = "Universal search problems",
journal = "Problemy Peredachi Informatsii",
volume = "9",
pages = "115--116",
year = "1973",
}

@Article{EJCRS,
  author =       {Stanis{\l}aw P. Radziszowski},
  title =        {Small {R}amsey Numbers},
  journal =      {The Electronic Journal of Combinatorics},
  year =         {2014},
  month =        {January},
  note =         {Dynamic Surveys DS1, Revision 14},
  url =          {http://www.combinatorics.org/ojs/index.php/eljc/article/view/DS1}
}

@article{McKR95, 
author = "McKay, Brandon D. and Radziszowski, Stanis{\l}aw P.",
title = "$R(4,5) = 25$",
journal = "Journal of Graph Theory",
volume = "19",
pages = "309--322",
year = "1995",
}

@article{CFIM15,
author = "Codish, Michael  and Frank, Michael and Itzhakov, Avraham and 
Miller, Alice",
title = "Computing the Ramsey Number ${R}(4,3,3)$ using Abstraction and Symmetry
breaking",
year = "2015",
note = "arXiv:1510.08266",
}

@article{vdW27,
author = "van der Waerden, Bartel L.",
title = "Beweis einer {B}audetschen {V}ermutung",
journal = "Nieuw Archief voor Wiskunde",
volume = "15",
pages = "212--216",
year = "1927",
}

@BOOK{Clarke99,
author = "Clarke, Edmund M. and Grumberg, Orna and Peled, Doron",
title = "Model Checking",
publisher = "MIT Press",
address = "Cambridge, MA",
year = "1999",
}


@inproceedings{HKWB11,
  author    = {Heule, Marijn J. H. and  Kullmann, Oliver and  Wieringa, Siert and  Biere, Armin}, 
  title     = {Cube and Conquer: Guiding {CDCL} {SAT} Solvers by Lookaheads},
  booktitle = {Haifa Verification Conference -- {HVC} 2011, Revised Selected Papers}, 
  pages = {50--65}, 
  year = {2011}, 
}

@Article{KP08,
  author =       {Michal Kouril and Jerome L. Paul},
  title =        {The van der {W}aerden Number ${W}(2,6)$ is $1132$},
  journal =      {Experimental Mathematics},
  year =         2008,
  volume =       17,
  number =       1,
  pages =        {53--61}
}

@Article{Ko12,
  author =       {Michal Kouril},
  title =        {Computing the van der {W}aerden number ${W}(3,4) = 293$},
  journal =      {INTEGERS: Electronic Journal of Combinatorial Number Theory},
  year =         2012,
  volume =       12,
  number =       {A46},
  pages =        {1--13}
}

@article{Sch17,
author = "Schur, Issai",
title = "{\"{U}}ber die {K}ongruenz $x^m + y^m = z^m \pmod p$ ",
journal = "Jahresbericht der Deutschen Mathematikervereinigung",
volume = "25",
year = "1917",
pages = "114--117"
}

@incollection{Rado70,
author = "Rado, Richard",
title = "Some partition theorems",
booktitle = "Colloquia mathematica Societatis J{\'{a}}nos Bolyai 4, Combinatorial theory and its applications III",
pages =  "929--936",
publisher = "North-Holland",
address = "Amsterdam",
year = "1970",
}

@article{CO15,
author = "Cooper, Joshua and Overstreet, Ralph",
title = "Coloring so that no {P}ythagorean Triple is Monochromatic",
year = "2015",
note = "arXiv:1505.02222",
}

@misc{Mizar,
note = "Mizar proof checker, accessed: November 2015",
url = "http://mizar.org/system/",
}

@misc{Coq,
note = "Coq proof manager, accessed: November 2015",
url = "https://coq.inria.fr/",
}

@misc{flyspeck,
note = "The site of {\em flyspeck} project, the formal verification of the
proof of Kepler Conjecture, accessed: November 2015",
url = "http://code.google.com/p/flyspeck/",
}


@misc{Voy14,
author={Vladimir Voevodski},
note = "Lecture at ASC 2008, {How I became interested in foundations of mathematics}, accessed: November 2015",
url = "\url{https://www.math.ias.edu/vladimir/sites/math.ias.edu.vladimir/files/2014_08_ASC_lecture.pdf}",
}

@book{HSAT09,
  editor =    {Biere, Armin and Heule, Marijn J. H.  and van Maaren, Hans and Walsh, Toby},
  title =     {Handbook of Satisfiability},
  booktitle = {Handbook of Satisfiability},
  publisher = {IOS Press},
  year =      2009,
  Month =     {February},
  Volume =    {185},
  ISBN =      {978-1-58603-929-5},
  ISSN =      {0922-6389},
  Series =    {Frontiers in Artificial Intelligence and Applications},
  Pages =     {980}
}


@article{Ram30,
author = "Ramsey, Frank P.",
title = "On a problem of formal logic",
journal = "Proceedings of the London Mathematical Society",
volume = "30",
pages = "264--286",
year = "1930",
}

@misc{Cryptol,
note = "Programming language Cryptol, accessed: November 2015",
url = "http://www.cryptol.net/",
}


@Book{Garey-Jo,
  author =       {Michael R. Garey and David S. Johnson},
  title =        {Computers and Intractability / A Guide to the Theory of NP-Completeness},
  publisher =    {W.H. Freeman and Company},
  year =         1979,
  isbn =         {0-7167-1045-5}
}

@InProceedings{Co71,
  author =       "Stephen A. Cook",
  title =        "The Complexity of theorem-proving procedures",
  pages =        "151--158",
  booktitle =    "Proceedings 3rd Annual ACM Symposium on Theory of Computing (STOC '71)",
  year =         1971,
}

@Article{AhmedKullmannSnevily2011VdW3kArt,
  author =       {Tanbir Ahmed and Oliver Kullmann and Hunter Snevily},
  title =        {On the van der {W}aerden numbers $\mathrm{w}(2; 3, t)$},
  journal =      {Discrete Applied Mathematics},
  year =         2014,
  volume =       174,
  pages =        {27--51},
  month =        {September},
  doi =          {10.1016/j.dam.2014.05.007}
}

@Book{LandmanRobertson2003ArithmeticProgressions,
  author =       {Bruce M. Landman and Aaron Robertson},
  title =        {Ramsey Theory on the Integers},
  publisher =    {American Mathematical Society},
  year =         2003,
  volume =       24,
  series =       {Student mathematical library},
  note =         {ISBN 0-8218-3199-2},
  annote =       {Vorhanden.}
}

@InCollection{Kullmann2007HandbuchTau,
  author =       {Oliver Kullmann},
  title =        {Fundaments of Branching Heuristics},
  booktitle =    {Handbook of Satisfiability},
  crossref =     {HSAT09},
  pages =        {205--244},
  chapter =      7,
  doi =          {10.3233/978-1-58603-929-5-205}
}


@Article{He74,
  author =       {Lawrence J. Henschen and Lawrence Wos},
  title =        {Unit Refutations and {H}orn Sets},
  journal =      {Journal of the Association for Computing Machinery},
  year =         1974,
  volume =       21,
  number =       4,
  pages =        {590--605},
  month =        {October}
}

@inproceedings{Wetzler2014,
author="Wetzler, Nathan D. and Heule, Marijn J. H. and {Hunt Jr.}, Warren A.",
title="{DRAT}-trim: Efficient Checking and Trimming Using Expressive Clausal Proofs",
bookTitle="Theory and Applications of Satisfiability Testing -- SAT 2014",
year="2014",
publisher="Springer International Publishing",
address="Cham",
pages="422--429",
}



@Article{Ku96c,
  author =       {Oliver Kullmann},
  title =        {On a generalization of extended resolution},
  journal =      {Discrete Applied Mathematics},
  year =         1999,
  volume =       {96-97},
  pages =        {149--176},
  month =        {October},
  doi =          {10.1016/S0166-218X(99)00037-2}
}

@Article{Segerlind2007CompProofs,
  author =       {Nathan Segerlind},
  title =        {The complexity of propositional proofs},
  journal =      {The Bulletin of Symbolic Logic},
  year =         2007,
  volume =       13,
  number =       4,
  pages =        {417--481},
  month =        {December},
  doi =          {10.2178/bsl/1203350879}
}

@InProceedings{MijndersWildeHeule2010March,
  author =       {Mijnders, Sid and de Wilde, Boris and Heule, Marijn J. H.},
  title =        {Symbiosis of Search and Heuristics for Random 3-{SAT}},
  booktitle =    {Third International Workshop on Logic and Search (LaSh 2010)},
  year =         2010,
  editor =       {David Mitchell and Eugenia Ternovska},
  url =          {http://arxiv.org/abs/1402.4455}
}

@InProceedings{LA1996,
  author =       {Chu Min Li and Anbulagan},
  title =        {Heuristics Based on Unit Propagation for Satisfiability Problems},
  booktitle =    {Proceedings of 15th International Joint Conference on Artificial Intelligence (IJCAI'97)},
  pages =        {366--371},
  year =         1997,
  publisher =    {Morgan Kaufmann Publishers}
}

@Article{Li1999Satz,
  author =       {Chu Min Li},
  title =        {A constraint-based approach to narrow search trees for satisfiability},
  journal =      {Information Processing Letters},
  year =         1999,
  volume =       71,
  number =       2,
  pages =        {75--80},
}

@InProceedings{DuboisDequen2001Kcnfs,
  author =       {Olivier Dubois and Gilles Dequen},
  title =        {A backbone-search heuristic for efficient solving of hard 3-{SAT} formulae},
  booktitle =    {International Joint Conferences on Artificial Intelligence (IJCAI)},
  pages =        {248--253},
  year =         {2001},
}
@InProceedings{DequenDubois2003Kcnfs,
  author =       {Gilles Dequen and Olivier Dubois},
  title =        {kcnfs: An Efficient Solver for Random $k$-{SAT} Formulae},
  booktitle =    {Theory and Applications of Satisfiability Testing 2003},
  year = {2003},
  pages =        {486--501},
}

@Article{Baglini2013PartitionRegular,
  author =       {Lorenzo Luperi Baglini},
  title =        {Partition regularity of nonlinear polynomials: a nonstandard approach},
  journal =      {INTEGERS: Electronic Journal of Combinatorial Number Theory},
  year =         2014,
  volume =       14,
  pages =        23,
  note =         {\#{}A30},
  url =          {http://www.integers-ejcnt.org/vol14.html}
}

@TechReport{EliahouFromentin2016PythagoreanT,
  author =       {S. Eliahou and J. Fromentin and V. Marion-Poty and D. Robilliard},
  title =        {Are monochromatic {P}ythagorean {T}riples avoidable?},
  institution =  {arXiv},
  year =         2016,
  number =       {arXiv:1605.00859v1 [math.CO]},
  month =        {May},
  url =          {https://arxiv.org/abs/1605.00859}
}

@Article{CooperFilaseta2014PythagoreanTriples,
  author =       {Joshua Cooper and Michael Filaseta and Joshua Harrington and Daniel White},
  title =        {On Colorings of {P}ythagorean {T}riples within Colorings of the Positive Integers},
  journal =      {Journal of Combinatorics and Number Theory)},
  year =         2014,
  volume =       6,
  number =       1,
  pages =        {1--16},
  note =         {Preprint at \url{http://people.math.sc.edu/cooper/CPTWCPI.pdf}}
}

@inproceedings{Hyvarinen:2011,
 author = {Hyv\"{a}rinen, Antti E. J. and Junttila, Tommi and Niemel\"{a}, Ilkka},
 title = {Grid-Based {SAT} Solving with Iterative Partitioning and Clause Learning},
 booktitle = {CP 2011},
 series = {LNCS},
 year = {2011},
 volume = {6876},
} 

@article{Konev:2015,
 author = {Konev, Boris and Lisitsa, Alexei},
 title = {Computer-aided Proof of {E}rd{\H{o}}s Discrepancy Properties},
 journal = {Artificial Intelligence},
 issue_date = {July 2015},
 volume = {224},
 number = {C},
 month = jul,
 year = {2015},
 issn = {0004-3702},
 pages = {103--118},
 numpages = {16},
 url = {http://dx.doi.org/10.1016/j.artint.2015.03.004},
 doi = {10.1016/j.artint.2015.03.004},
 acmid = {2780920},
 publisher = {Elsevier Science Publishers Ltd.},
 address = {Essex, UK},
}

@inproceedings{S5,
  author = {Heule, Marijn J. H.},
  title = {Schur {N}umber {F}ive},
  year = {2018},
  booktitle = {Proceedings of AAAI-18},
  pages="6598--6006",
}  

@Inproceedings{ptn,
author="Heule, Marijn J. H. and Kullmann, Oliver and Marek, Victor W.",
title="Solving and Verifying the {B}oolean {P}ythagorean {T}riples Problem via {C}ube-and-{C}onquer",
bookTitle="SAT",
year="2016",
publisher="Springer",
pages="228--245",
}

@inproceedings{discepancysearch,
 author = {Harvey, William D. and Ginsberg, Matthew L.},
 title = {Limited discrepancy search},
 booktitle = {IJCAI 1995},
 year = {1995},
 isbn = {1-55860-363-8, 978-1-558-60363-9},
 pages = {607--613},
 numpages = {7},
 acmid = {1625935},
} 

@article{HaralickE80,
 author    = {Robert M. Haralick and
              Gordon L. Elliott},
 title     = {Increasing Tree Search Efficiency for Constraint Satisfaction
              Problems},
 journal   = {Artif. Intell.},
 volume    = {14},
 number    = {3},
 year      = {1980},
 pages     = {263-313},
 ee        = {http://dx.doi.org/10.1016/0004-3702(80)90051-X},
 bibsource = {DBLP, http://dblp.uni-trier.de}
}

@inproceedings{marchhi,
	author	= {Mijnders, Sid  and de Wilde, Boris and Heule, Marijn J. H. },
	title	= {Symbiosis of Search and Heuristics for Random 3-{SAT}},
	booktitle	= {LaSh 2010},
	year	= {2010},
	editor	= {David Mitchell and Eugenia Ternovska},
	project	= {SAT},
	group	= {ALG}
}

@inproceedings{Bacchus:2002,
 author = {Bacchus, Fahiem},
 title = {Enhancing {D}avis {P}utnam with extended binary clause reasoning},
 booktitle = {AAAI 2002},
 year = {2002},
 isbn = {0-262-51129-0},
 pages = {613--619},
 numpages = {7},
} 

@article{EenS03,
  author    = {Niklas E{\'e}n and
               Niklas S{\"o}rensson},
  title     = {Temporal induction by incremental {SAT} solving},
  journal   = {Electr. Notes Theor. Comput. Sci.},
  volume    = {89},
  number    = {4},
  year      = {2003},
  pages     = {543-560},
  ee        = {http://dx.doi.org/10.1016/S1571-0661(05)82542-3},
  bibsource = {DBLP, http://dblp.uni-trier.de}
}

@inproceedings{Hyvarinen:2010,
 author = {Hyv\"{a}rinen, Antti E. J. and Junttila, Tommi and Niemel\"{a}, Ilkka},
 title = {Partitioning {SAT} instances for distributed solving},
 booktitle = {LPAR-17},
 series = {LNCS},
 year = {2010},
 isbn = {3-642-16241-X, 978-3-642-16241-1},
  volume = {6397},
 pages = {372--386},
 numpages = {15},

} 

@inbook{MSLM09HBSAT,
   Author = {Marques-Silva, Joao P. and Lynce, Ines and Malik, Sharad},
   Title = {Conflict-Driven Clause Learning {SAT} Solvers},
   Chapter = {4},
   Pages = {131--153},
   Crossref = {HandbookOfSAT2009}
}

@inbook{HvM09HBSAT,
   Author = {Heule, Marijn J. H. and van Maaren, Hans},
   Title = {Look-Ahead Based {SAT} Solvers},
   Chapter = {5},
   Pages = {155--184},
   Crossref = {HandbookOfSAT2009}
}

@inbook{Kul09HBSAT,
   Author = {Kullmann, Oliver},
   Title = {Fundaments of Branching Heuristics},
   Chapter = {7},
   Pages = {205--244},
   Crossref = {HandbookOfSAT2009}
}

@inbook{KBK09HBSAT,
   Author = {Kleine B{\"u}ning, Hans and Kullmann, Oliver},
   Title = {Minimal Unsatisfiability and Autarkies},
   Chapter = {11},
   Pages = {339--401},
   Crossref = {HandbookOfSAT2009}
}

@book{HandbookOfSAT2009,
    Editor = {Biere, Armin and Heule, Marijn J. H. and van Maaren, Hans and Walsh, Toby},
    Title = {Handbook of Satisfiability},
    booktitle = {Handbook of Satisfiability},
    Publisher = {IOS Press},
    Year = {2009},
    Month = {February},
    Volume = {185},
    ISBN = {978-1-58603-929-5},
    ISSN = {0922-6389},
    Series = {FAIA},
    Pages = {980}
}


@inproceedings{ResSLS,
	title = {Old Resolution Meets Modern {SLS}.},
	author = { Anbulagan and Duc Nghia Pham and John K. Slaney and Abdul Sattar},
	booktitle = {AAAI},
	crossref = {DBLP:conf/aaai/2005},
	editor = {Manuela M. Veloso and Subbarao Kambhampati},
	pages = {354-359},
	publisher = {AAAI Press / The MIT Press},
	url = {http://dblp.uni-trier.de/db/conf/aaai/aaai2005.html#AnbulaganPSS05},
	year = {2005},
	description = {dblp},
	isbn = {1-57735-236-X}, date = {2006-03-28},
	keywords = {dblp }
}

@inproceedings{mapping,
	title = {Mapping Problems with Finite-Domain Variables to Problems with {Boolean} Variables.},
	author = {Carlos Ans\'otegui and Felip Many\`a},
	booktitle = {SAT (Selected Papers},
	crossref = {DBLP:conf/sat/2004lncs},
	editor = {Holger H. Hoos and David G. Mitchell},
	pages = {1-15},
	publisher = {Springer},
	series = {LNCS},
	url = {http://dblp.uni-trier.de/db/conf/sat/sat2004lncs.html#AnsoteguiM04a},
	volume = {3542},
	year = {2004},
	biburl = {http://www.bibsonomy.org/bibtex/226a8e366fe1bbc954e7b8cc93fb5fa53/dblp},
	description = {dblp},
	ee = {http://dx.doi.org/10.1007/11527695_1}, isbn = {3-540-27829-X}, date = {2006-01-02},
	keywords = {dblp }
}

@inproceedings{Beame,
 	 author = {Paul Beame and Russell Impagliazzo and Jan Kraj\'{\i}\v{c}ek and Toniann Pitassi and Pavel Pudl\'{a}k and Alan Woods},
	 title = {Exponential lower bounds for the pigeonhole principle},
	 booktitle = {STOC '92: Proceedings of the twenty-fourth annual ACM symposium on Theory of computing},
	 year = {1992},
	 isbn = {0-89791-511-9},
	 pages = {200--220},
	 location = {Victoria, British Columbia, Canada},
	 doi = {http://doi.acm.org/10.1145/129712.129733},
 	 publisher = {ACM},
 	 address = {New York, NY, USA},
 }
 
 @article{BCE,
author="J{\"a}rvisalo, Matti and Biere, Armin and Heule, Marijn J. H.",
title="Simulating Circuit-Level Simplifications on CNF",
journal="Journal of Automated Reasoning",
year="2012",
day="01",
volume="49",
number="4",
pages="583--619",
}

@ARTICLE{Resolvents,
  AUTHOR = {Alain Billionnet and Alain Sutter},
  TITLE = {An efficient algorithm for the 3 satisfiability
                   problem},
  JOURNAL = {Operation Research Letters},
  VOLUME = {12},
  PAGES = {29-36},
  YEAR = 1992
}

 @inproceedings{Biere:1999,
    author = {Armin Biere and Alessandro Cimatti and Edmund M. Clarke and Yunshan Zhu},
    title = {Symbolic Model Checking without {BDD}s},
    booktitle = {Proceedings of International Conference on Tools and Algorithms for Construction and Analysis of Systems},
    year = {1999},
    pages = {193--207},
    publisher = {Springer-Verlag}
 }

@article{Components,
    AUTHOR = {Armin Biere and Carsten Sinz},
    TITLE = {Decomposing {SAT} Problems into Connected Components},
    JOURNAL = {Journal on Satisfiability, Boolean Modeling and Computation},
    PUBLISHER = {Delft University},
    ISSN = {1574-0617},
    VOLUME = 2,
    PAGES = {191--198},
    YEAR = 2006
}

@book{Brown:1990,
    author    = {Frank Markham Brown},
    title     = {{Boolean} Reasoning: The Logic of {Boolean} Equations},
    year      = {1990},
    publisher = {Kluwer Academic Publishers, Dordrecht},
}

@article{Heule:2005,
    AUTHOR = {Heule, Marijn J. H.  and van Maaren, Hans},
    TITLE = {March\_dl: Adding Adaptive Heuristics and a New Branching Strategy},
    JOURNAL = {Journal on Satisfiability, Boolean Modeling and Computation},
    PUBLISHER = {Delft University},
    ISSN = {1574-0617},
    VOLUME = 2,
    PAGES = {47--59},
    YEAR = 2006
}


@article{Sinz:03,
    author = {Wolfgang Blochinger and Carsten Sinz and Wolfgang K\"{u}chlin},
    title = {Parallel propositional satisfiability checking with distributed dynamic learning},
    journal = {Parallel Comput.},
    volume = {29},
    number = {7},
    year = {2003},
    issn = {0167-8191},
    pages = {969--994},
    doi = {http://dx.doi.org/10.1016/S0167-8191(03)00068-1},
    publisher = {Elsevier Science Publishers B. V.},
    address = {Amsterdam, The Netherlands, The Netherlands},
}

@article{Boehm:96,
	AUTHOR		= {Max B\"ohm and Ewald Speckenmeyer},
	INSTITUTION	= {Informatik, Universit\"at zu K\"oln},
	TITLE		= {A Fast Parallel {SAT}-Solver - Efficient Workload Balancing},
	KEYWORDS	= {68T15},
	JOURNAL		= {Annals of Mathematics and Artificial
Intelligence},
	PAGES		= {381--400},
	VOLUME		= {17},
	NUMBER		= {159},
	YEAR		= {1996},
	EDITOR		= {E. Boros and M. C. Golumbic}
}

@inproceedings{sharpSAT,
  author    = {Marc Thurley},
  title     = {sharp{SAT} - Counting Models with Advanced Component Caching and Implicit
               {BCP}},
  booktitle = {Theory and Applications of Satisfiability Testing -- {SAT} 2006},
  pages     = {424--429},
  year      = {2006},
  crossref  = {DBLP:conf/sat/2006},
}

@article{survey,
    author = {Alfredo Braunstein and Marc M\'{e}zard and Riccardo Zecchina},
    title = {Survey propagation: An algorithm for satisfiability},
    journal = {Random Struct. Algorithms},
    volume = {27},
    number = {2},
    year = {2005},
    issn = {1042-9832},
    pages = {201--226},
    publisher = {John Wiley {\&} Sons, Inc.},
    address = {New York, NY, USA},
}

@inproceedings{Connamacher,
  author    = {Harold S. Connamacher},
  title     = {A Random Constraint Satisfaction Problem That Seems Hard
               for {DPLL}},
  booktitle = {SAT},
  year      = {2004},
  ee        = {http://www.satisfiability.org/SAT04/programme/11.pdf},
  crossref  = {DBLP:conf/sat/2004lncs},
  bibsource = {DBLP, http://dblp.uni-trier.de}
}

@inproceedings{Cook:1971,
    author = {Stephen A. Cook},
    title = {The complexity of theorem-proving procedures},
    booktitle = {STOC '71: Proceedings of the third annual ACM symposium on Theory of computing},
    year = {1971},
    pages = {151--158},
    location = {Shaker Heights, Ohio, United States},
    publisher = {ACM},
    address = {New York, NY, USA},
}

@article{Davis:1960,
 author = {Martin Davis and Hilary Putnam},
 title = {A Computing Procedure for Quantification Theory},
 journal = {Journal of the ACM},
 volume = {7},
 number = {3},
 year = {1960},
 issn = {0004-5411},
 pages = {201--215},
 doi = {http://doi.acm.org/10.1145/321033.321034},
 publisher = {ACM},
 address = {New York, NY, USA},
 }

@article{Davis:1962,
 author = {Martin Davis and George Logemann and Donald Loveland},
 title = {A machine program for theorem-proving},
 journal = {Commun. ACM},
 volume = {5},
 number = {7},
 year = {1962},
 issn = {0001-0782},
 pages = {394--397},
 doi = {http://doi.acm.org/10.1145/368273.368557},
 publisher = {ACM},
 address = {New York, NY, USA},
 }

@inproceedings{kcnfs,
  author    = {Gilles Dequen and Olivier Dubois},
  title     = {kcnfs: An Efficient Solver for Random $k$-{SAT} Formulae},
  booktitle = {SAT},
  year      = {2003},
  pages     = {486-501},
  ee        = {http://springerlink.metapress.com/openurl.asp?genre=article{\&}issn=0302-9743{\&}volume=2919{\&}spage=486},
  crossref  = {DBLP:conf/sat/2003},
  bibsource = {DBLP, http://dblp.uni-trier.de}
}

@inproceedings{LeBerre:2001,
  Author = {Daniel LeBerre},
  Title = {Exploiting the Real Power of Unit Propagation Lookahead},
  Volume = {9},
  Publisher = {Elsevier},
  url = {citeseer.ist.psu.edu/patterson01autowalksat.html},
  url = {http://www.cs.washington.edu/homes/djp3},
  booktitle = {Proceedings of SAT2001: Workshop on Theory and
                   Application of Satisfiability Testing},
  year = 2001,
}

@inproceedings{Dubois:2001,
	title = {A backbone-search heuristic for efficient solving of hard 3-{SAT} formulae.},
	author = {Olivier Dubois and Gilles Dequen},
	booktitle = {IJCAI},
	crossref = {DBLP:conf/ijcai/2001},
	editor = {Bernhard Nebel},
	pages = {248-253},
	publisher = {Morgan Kaufmann},
	year = {2001},
	description = {dblp},
	isbn = {1-55860-777-3}, date = {2003-05-23},
	keywords = {dblp }
}


@inproceedings{minisat,
	title = {An Extensible {SAT}-solver},
	author = {Niklas E\'en and Niklas S\"orensson},
	booktitle = {SAT},
	crossref = {DBLP:conf/sat/2003},
	editor = {Enrico Giunchiglia and Armando Tacchella},
	pages = {502--518},
	publisher = {Springer},
	series = {LNCS},
	url = {http://dblp.uni-trier.de/db/conf/sat/sat2003.html#EenS03},
	volume = {2919},
	year = {2003},
	biburl = {http://www.bibsonomy.org/bibtex/2909cef8f82f1ff9db2ac34250f665651/zeno},
	ee = {http://www.cs.chalmers.se/Cs/Research/FormalMethods/MiniSat/cgi/MiniSat.ps.gz.cgi},
	keywords = {2003 2004 SAT-solver ais-07w efficiency implementation }
}

@article{minisatp,
    author = {Niklas E\'en and Niklas S\"orensson},
    title  = {Translating pseudo-{Boolean} constraints into {SAT}},
    journal = {Journal on Satisfiability, Boolean Modeling and Computation},
    year = {2006},
    pages = {1-25},
    volume = {2},
}

@misc{CCmini,
    author = {Niklas E\'en and Niklas S\"orensson},
    title  = {MiniSat -- A {SAT} Solver with Conflict-Clause Minimization.},
    year   = {2005},
    note   = {Solver description for SAT 2005},
}

@phdthesis{Freeman1995a,
    author = {Jon William Freeman},
    title = {Improvements to propositional satisfiability search algorithms.},
    year = {1995},
    order_no = {UMI Order No. GAX95-32175},
    school = {University of Pennsylvania},
    address = {Philadelphia, PA, USA},
}

@inproceedings{Kiesl2016,
author="Kiesl, Benjamin
and Seidl, Martina
and Tompits, Hans
and Biere, Armin",
title="Super-Blocked Clauses",
bookTitle="Automated Reasoning: 8th International Joint Conference, IJCAR 2016",
year="2016",
publisher="Springer",
pages="45--61",
}

@inproceedings{HeuleKieslSeidlBiere-HVC17,
  author = {Heule, Marijn J. H. and Kiesl, Benjamin and Seidl, Martina and Biere, Armin},
  title = { {PRuning} through Satisfication },
  booktitle = {HVC},
  year = {2017},
  publisher="Springer",
  note = {To be Published},
  series = {LNCS},
}

@inproceedings{Gomes:1997,
	title = {Heavy-Tailed Distributions in Combinatorial Search.},
	author = {Carla P. Gomes and Bart Selman and Nuno Crato},
	booktitle = {CP},
	crossref = {DBLP:conf/cp/1997},
	editor = {Gert Smolka},
	pages = {121-135},
	publisher = {Springer},
	series = {LNCS},
	url = {http://dblp.uni-trier.de/db/conf/cp/cp97.html#GomesSC97},
	volume = {1330},
	year = {1997},
	biburl = {http://www.bibsonomy.org/bibtex/29ecbae95e061eedfa9b059f732410d69/dblp},
	description = {dblp},
	date = {2002-01-03},
	keywords = {dblp }
}

@Article{Lamb,
  author =       {Evelyn Lamb},
  title =        {Maths proof smashes size record: Supercomputer produces a 200-terabyte proof -- but is it really mathematics?},
  journal =      {Nature},
  year =         2016,
  volume =       534,
  pages =        {17--18},
  month =        {June},
  doi =          {10.1038/nature.2016.19990}
}

@mastersthesis{Herwig,
  author = {Paul Herwig},
  title  = {Decomposing Satisfiability Problems.},
  school = {TU Delft},
  year   = 2006,
}

@mastersthesis{March,
    author = {Heule, Marijn J. H. },
    title  = {March: Towards a look-ahead {SAT} solver for general purposes},
    school = {TU Delft},
    year   = 2004,
}

@mastersthesis{3MCard,
    author = {Martijn van Lambalgen},
    title  = {{3MCard}: A Lookahead Cardinality Solver},
    school = {TU Delft},
    year   = {2006},
}

@misc{Hybrid,
    author = {Dimos Mpekas and Michiel van Vlaardingen and Siert Wieringa},
    title  = {The first steps to a hybrid {SAT} solver},
    year   = {2007},
    note   = {MSc report, SAT@Delft},
}

@inproceedings{Aligning,
  author    = {Heule, Marijn J. H. and
               van Maaren, Hans},
  title     = {Aligning {CNF}- and Equivalence-reasoning},
  booktitle = {SAT},
  year      = {2004},
  pages     = {145-156},
  ee        = {http://www.satisfiability.org/SAT04/programme/72.pdf},
  crossref  = {DBLP:conf/sat/2004lncs},
  bibsource = {DBLP, http://dblp.uni-trier.de},
}

@inproceedings{marcheq,
  author    = {Heule, Marijn J. H.  and
               Dufour, Mark and
               van Zwieten, Joris E. and
               van Maaren, Hans},
  title     = {March\_eq: Implementing Additional Reasoning into an Efficient
               Look-Ahead {SAT} Solver},
  booktitle = {SAT (Selected Papers},
  year      = {2004},
  pages     = {345-359},
  ee        = {http://dx.doi.org/10.1007/11527695_26},
  crossref  = {DBLP:conf/sat/2004lncs},
  bibsource = {DBLP, http://dblp.uni-trier.de}
}

@inproceedings{Idempotent,
  author    = {Heule, Marijn J. H.  and
               van Maaren, Hans },
  title     = {From Idempotent Generalized Boolean Assignments to Multi-bit
               Search},
  booktitle = {SAT},
  year      = {2007},
  pages     = {134-147},
  ee        = {http://dx.doi.org/10.1007/978-3-540-72788-0_16},
  crossref  = {DBLP:conf/sat/2007},
  bibsource = {DBLP, http://dblp.uni-trier.de}
}

@article{UnitWalk,
    author = {Edward A. Hirsch and Arist Kojevnikov},
    title = {{UnitWalk}: A New {SAT} Solver that Uses Local Search Guided by Unit Clause Elimination},
    journal = {Annals of Mathematics and Artificial Intelligence},
    volume = {43},
    number = {1-4},
    year = {2005},
    issn = {1012-2443},
    pages = {91--111},
    doi = {http://dx.doi.org/10.1007/s10472-004-9421-4},
    publisher = {Kluwer Academic Publishers},
    address = {Hingham, MA, USA},
}

@inproceedings{adapt,
    author = {Holger H. Hoos},
    title = {An adaptive noise mechanism for {WalkSAT}},
    booktitle = {Eighteenth national conference on Artificial intelligence},
    year = {2002},
    isbn = {0-262-51129-0},
    pages = {655--660},
    location = {Edmonton, Alberta, Canada},
    publisher = {American Association for Artificial Intelligence},
    address = {Menlo Park, CA, USA},
}

@article{Vector,
	title = {Parallelizing Local Search for {CNF} Satisfiability Using Vectorization and {PVM}.},
	author = {Kazuo Iwama and Daisuke Kawai and Shuichi Miyazaki and Yasuo Okabe and Jun Umemoto},
	journal = {ACM Journal of Experimental Algorithms},
	pages = {2},
	url = {http://dblp.uni-trier.de/db/journals/jea/jea7.html#IwamaKMOU02},
	volume = {7},
	year = {2002},
	biburl = {http://www.bibsonomy.org/bibtex/2b968cd8591a354395fde83fed224228d/dblp},
	description = {dblp},
	ee = {http://www.jea.acm.org/2002/IwamaSatisfiability}, date = {2003-05-02},
	keywords = {dblp }
}

@inproceedings{restart,
    author = {Henry Kautz and Eric Horvitz and Yongshao Ruan and Carla Gomes and Bart Selman},
    title = {Dynamic restart policies},
    booktitle = {Eighteenth national conference on Artificial intelligence},
    year = {2002},
    isbn = {0-262-51129-0},
    pages = {674--681},
    location = {Edmonton, Alberta, Canada},
    publisher = {American Association for Artificial Intelligence},
    address = {Menlo Park, CA, USA},
}


@article{Gu,
author={ Jun Gu and R. Puri},
journal={IEEE Transactions on Computer-Aided Design of Integrated Circuits and Systems},
title={Asynchronous circuit synthesis with Boolean satisfiability},
year={1995},
volume={14},
number={8},
pages={961-973},
ISSN={1937-4151},
month={Aug},}

@inproceedings{KautzSelman,
author = {Kautz, Henry and Selman, Bart},
title = {Planning as Satisfiability},
year = {1992},
publisher = {John Wiley \& Sons, Inc.},
address = {USA},
booktitle = {Proceedings of European Conference on Artificial Intelligence},
pages = {359–363}
}

@inproceedings{Simulation,
  author    = {Florian Krohm and
               Andreas Kuehlmann and
               Arjen Mets},
  title     = {The use of random simulation in formal verification},
  booktitle = {ICCD},
  year      = {1996},
  pages     = {371-376},
  ee        = {http://computer.org/proceedings/iccd/7554/75540371abs.htm},
  crossref  = {DBLP:conf/iccd/1996},
  bibsource = {DBLP, http://dblp.uni-trier.de},
}

@article{Kullmann:1999,
    author = {Oliver Kullmann},
    title = {On a generalization of extended resolution},
    journal = {Discrete Applied Mathematics},
    volume = {96-97},
    number = {1},
    year = {1999},
    issn = {0166-218X},
    pages = {149--176},
    doi = {http://dx.doi.org/10.1016/S0166-218X(99)00037-2},
    publisher = {Elsevier Science Publishers B. V.},
    address = {Amsterdam, The Netherlands, The Netherlands},
}

@article{Kullmann:2000,
    author = {Oliver Kullmann},
    title = {Investigations on autark assignments},
    journal = {Discrete Applied Mathematics},
    volume = {107},
    number = {1-3},
    year = {2000},
    issn = {0166-218X},
    pages = {99--137},
    doi = {http://dx.doi.org/10.1016/S0166-218X(00)00262-6},
    publisher = {Elsevier Science Publishers B. V.},
    address = {Amsterdam, The Netherlands, The Netherlands},
 }

@TechReport{Kullmann:2002,
 author =          {Oliver Kullmann},
 title =          {Investigating the behaviour of a {SAT} solver on random formulas},
 institution =  {University of Wales Swansea, Computer Science Report Series (\url{http://www-compsci.swan.ac.uk/reports/2002.html})},
 year =          2002,
 number =         {CSR 23-2002},
 month =         {October},
 note =         {119 pages}
}


@misc{kcnfssource,
    author = {Gilles Dequen and Olivier Dubois},
    title  = {Source code of the kcnfs solver},
    note   = {Available at \url{http://www.laria.u-picardie.fr/~dequen/sat/}},
}

@misc{Autarky,
    author = {Oliver Kullmann and Victor W. Marek and Miroslaw Truszczy{\'n}ski},
    title  = {Computing autarkies and properties of the autarky monoid},
    year   = {2007},
    note   = {In preparation},
}

@InCollection{Kullmann:08,
 author     = {Oliver Kullmann},
 title      = {A survey on practical {SAT} algorithms},
 booktitle  = "Complexity of Constraints",
 publisher  = {Springer},
 year       = {2008},
 editor     = "Nadia Creignou and Phokion Kolaitis and Heribert Vollmer",
 OPTseries     = {LNCS},
}

@inproceedings{LeBerre:2003,
  author    = {Daniel LeBerre and
               Laurent Simon},
  title     = {The Essentials of the {SAT} 2003 Competition},
  booktitle = {SAT},
  year      = {2003},
  pages     = {452-467},
  ee        = {http://springerlink.metapress.com/openurl.asp?genre=article{\&}issn=0302-9743{\&}volume=2919{\&}spage=452},
  crossref  = {DBLP:conf/sat/2003},
}

@inproceedings{Sat2004,
 author    = {Daniel LeBerre and Laurent Simon},
  title     = {Fifty-Five Solvers in {Vancouver}: The {SAT} 2004 Competition},
  booktitle = {SAT (Selected Papers)},
  year      = {2004},
  pages     = {321-344},
  ee        = {http://dx.doi.org/10.1007/11527695_25},
  crossref  = {DBLP:conf/sat/2004lncs},
}

@inproceedings{Li97,
	title = {Heuristics Based on Unit Propagation for Satisfiability Problems.},
	author = {Chu Min Li and  Anbulagan},
	booktitle = {IJCAI (1)},
	pages = {366-371},
	year = {1997},
	description = {dblp},
	date = {2002-01-03},
	keywords = {dblp }
}

@inproceedings{Li:1997,
	title = {Look-Ahead Versus Look-Back for Satisfiability Problems.},
	author = {Chu Min Li and  Anbulagan},
	booktitle = {CP},
	crossref = {DBLP:conf/cp/1997},
	editor = {Gert Smolka},
	pages = {341-355},
	publisher = {Springer},
	series = {LNCS},
	volume = {1330},
	year = {1997},
	description = {dblp},
	date = {2004-09-23},
	keywords = {dblp }
}

@article{Li:1999,
    author = {Chu Min Li},
    title = {A constraint-based approach to narrow search trees for satisfiability},
    journal = {Information processing letters},
    volume = {71},
    number = {2},
    year = {1999},
    issn = {0020-0190},
    pages = {75--80},
    doi = {http://dx.doi.org/10.1016/S0020-0190(99)00088-5},
    publisher = {Elsevier North-Holland, Inc.},
    address = {Amsterdam, The Netherlands, The Netherlands},
}

@article{Li:2000,
    author = {Chu-Min Li},
    title = {Equivalent literal propagation in the {DLL} procedure},
    journal = {Discrete Applied Mathematics},
    volume = {130},
    number = {2},
    year = {2003},
    issn = {0166-218X},
    pages = {251--276},
    publisher = {Elsevier Science Publishers B. V.},
    address = {Amsterdam, The Netherlands, The Netherlands},
}

@inproceedings{g2wsat,
  author    = {Chu Min Li and
               Wen Qi Huang},
  title     = {Diversification and Determinism in Local Search for Satisfiability},
  booktitle = {SAT},
  year      = {2005},
  pages     = {158-172},
  ee        = {http://dx.doi.org/10.1007/11499107_12},
  crossref  = {DBLP:conf/sat/2005},
}

@inproceedings{grasp,
 author = {Joao P. Marques-Silva and Karem A. Sakallah},
 title = {{GRASP} -- a new search algorithm for satisfiability},
 booktitle = {ICCAD '96: Proceedings of the 1996 IEEE/ACM international conference on Computer-aided design},
 year = {1996},
 isbn = {0-8186-7597-7},
 pages = {220--227},
 location = {San Jose, California, United States},
 publisher = {IEEE Computer Society},
 address = {Washington, DC, USA},
}

@inproceedings{novelty,
    author = "David McAllester and Bart Selman and Henry Kautz",
    title = "Evidence for Invariants in Local Search",
    booktitle = "Proceedings of the Fourteenth National Conference on Artificial Intelligence ({AAAI}'97)",
    address = "Providence, Rhode Island",
    pages = "321--326",
    year = "1997",
    url = "citeseer.ist.psu.edu/article/mcallester97evidence.html"
}

@inproceedings{ran,
    author = "David G. Mitchell and Bart Selman and Hector J. Levesque",
    title = "Hard and Easy Distributions for {SAT} Problems",
    booktitle = "Proceedings of the Tenth National Conference on Artificial Intelligence",
    publisher = "AAAI Press",
    address = "Menlo Park, California",
    editor = "Paul Rosenbloom and Peter Szolovits",
    pages = "459--465",
    year = "1992",
    url = "citeseer.ist.psu.edu/mitchell92hard.html"
}

@inproceedings{MM:2001,
	title = {Chaff: Engineering an Efficient {SAT} Solver.},
	author = {Matthew W. Moskewicz and Conor F. Madigan and Ying Zhao and Lintao Zhang and Sharad Malik},
	booktitle = {DAC},
	pages = {530-535},
	publisher = {ACM},
	year = {2001},
	description = {dblp},
	ee = {http://jamaica.ee.pitt.edu/Archives/ProceedingArchives/Dac/Dac2001/papers/2001/dac01/pdffiles/33_1.pdf}, isbn = {1-58113-297-2}, date = {2002-12-16},
	keywords = {dblp }
}

@misc{SATzilla,
  author = "Eugene Nudelman and Alex Devkar and Yoav Shoham and Kevin Leyton-Brown
    and Holger Hoos",
  title = "{SATzilla}: An Algorithm Portfolio for {SAT}",
  url = "citeseer.ist.psu.edu/673890.html"
}

@inproceedings{rsat,
  author    = {Knot Pipatsrisawat and
               Adnan Darwiche},
  title     = {A Lightweight Component Caching Scheme for Satisfiability
               Solvers},
  booktitle = {SAT},
  year      = {2007},
  pages     = {294-299},
  ee        = {http://dx.doi.org/10.1007/978-3-540-72788-0_28},
  crossref  = {DBLP:conf/sat/2007},
  bibsource = {DBLP, http://dblp.uni-trier.de}
}

@inproceedings{Steve,
  author    = {Steven David Prestwich},
  title     = {Variable Dependency in Local Search: Prevention Is Better
               Than Cure},
  booktitle = {SAT},
  year      = {2007},
  pages     = {107-120},
  ee        = {http://dx.doi.org/10.1007/978-3-540-72788-0_14},
  crossref  = {DBLP:conf/sat/2007},
  bibsource = {DBLP, http://dblp.uni-trier.de}
}

@article{Simon:2002,
  author    = {Laurent Simon and
               Daniel LeBerre and
               Edward A. Hirsch},
  title     = {The {SAT2002} competition},
  journal   = {Annals of Mathematics and Artificial Intelligence},
  volume    = {43},
  number    = {1},
  year      = {2005},
  pages     = {307-342},
  ee        = {http://www.springerlink.com/index/10.1007/s10472-005-0424-6},
  bibsource = {DBLP, http://dblp.uni-trier.de}
}

@misc{Sat2005Comp,
    author  = {Daniel LeBerre and Laurent Simon},
    title   = {Preface Special Volume on the {SAT} 2005 competitions and evaluations},
    year    = {2006},
    note    = {Journal on Satisfiability, Boolean Modeling and Computation {\bf 2}}
}

@inproceedings{WalkSat,
    author = {Bart Selman and Henry A. Kautz and Bram Cohen},
    title = {Noise strategies for improving local search},
    booktitle = {AAAI '94: Proceedings of the twelfth national conference on Artificial intelligence (vol. 1)},
    year = {1994},
    isbn = {0-262-61102-3},
    pages = {337--343},
    location = {Seattle, Washington, United States},
    publisher = {American Association for Artificial Intelligence},
    address = {Menlo Park, CA, USA},
}

@inproceedings{AutoWalkSat,
  Author = {Donald J. Patterson and Henry Kautz},
  Title = {{Auto-WalkSAT}: A Self-Tuning Implementation of Walksat},
  Volume = {9},
  Publisher = {Elsevier},
  url = {citeseer.ist.psu.edu/patterson01autowalksat.html},
  url = {http://www.cs.washington.edu/homes/djp3},
  booktitle = {Proceedings of SAT2001: Workshop on Theory and
                   Application of Satisfiability Testing},
  year = 2001,
}

@inproceedings{gsat,
    author = "Bart Selman and Hector J. Levesque and D. Mitchell",
    title = "A New Method for Solving Hard Satisfiability Problems",
    booktitle = "Proceedings of the Tenth National Conference on Artificial Intelligence",
    publisher = "AAAI Press",
    address = "Menlo Park, California",
    editor = "Paul Rosenbloom and Peter Szolovits",
    pages = "440--446",
    year = "1992",
    url = "citeseer.ist.psu.edu/selman92new.html"
}

@article{Velev,
    author = {Miroslav N. Velev and Randal E. Bryant},
    title = {Effective use of boolean satisfiability procedures in the formal
    verification of superscalar and {VLIW} microprocessors},
    journal = {J. Symb. Comput.},
    volume = {35},
    number = {2},
    year = {2003},
    issn = {0747-7171},
    pages = {73--106},
    doi = {http://dx.doi.org/10.1016/S0747-7171(02)00091-3},
    publisher = {Academic Press, Inc.},
    address = {Duluth, MN, USA},
}

@article{Warners:1998,
  author    = {Joost P. Warners and
               Hans van Maaren},
  title     = {A two-phase algorithm for solving a class of hard satisfiability
               problems},
  journal   = {Operation Research Letters},
  volume    = {23},
  number    = {3-5},
  year      = {1998},
  pages     = {81-88},
  ee        = {http://dx.doi.org/10.1016/S0167-6377(98)00052-2},
  bibsource = {DBLP, http://dblp.uni-trier.de}
}

@article{Zhang:96,
    author = "Hantao Zhang and Maria Paola Bonacina and Jieh Hsiang",
    title = "{PSATO}: a Distributed Propositional Prover and its Application to Quasigroup Problems",
    journal = "Journal of Symbolic Computation",
    volume = "21",
    number = "4",
    pages = "543-560",
    year = "1996",
    url = "citeseer.ist.psu.edu/article/zhang96psato.html"
}

@article{Quasi,
    author = {Hantao Zhang and Mark Stickel},
    title = {Implementing the {Davis-Putnam} Method},
    journal = {Journal of Automated Reasoning},
    volume = {24},
    number = {1-2},
    year = {2000},
    issn = {0168-7433},
    pages = {277--296},
    publisher = {Kluwer Academic Publishers},
    address = {Hingham, MA, USA},
}

@inproceedings{Zhang:2006,
  author    = {Hantao Zhang},
  title     = {A Complete Random Jump Strategy with Guiding Paths},
  booktitle = {SAT},
  year      = {2006},
  pages     = {96-101},
  ee        = {http://dx.doi.org/10.1007/11814948_12},
  crossref  = {DBLP:conf/sat/2006},
  bibsource = {DBLP, http://dblp.uni-trier.de}
}

@inproceedings{zChaff,
	title = {Efficient Conflict Driven Learning in Boolean Satisfiability Solver.},
	author = {Lintao Zhang and Conor F. Madigan and Matthew W. Moskewicz and Sharad Malik},
	booktitle = {ICCAD},
	pages = {279-285},
	url = {http://dblp.uni-trier.de/db/conf/iccad/iccad2001.html#ZhangMMM01},
	year = {2001},
	biburl = {http://www.bibsonomy.org/bibtex/253b3a1d91d6d8865e072b383befbb8e4/dblp},
	description = {dblp},
	ee = {http://www.sigda.org/Archives/ProceedingArchives/Iccad/Iccad2001/papers/2001/iccad01/htmfiles/sun_sgi/iccadabs.htm#06a_1}, date = {2002-02-19},
	keywords = {dblp }
}

@proceedings{DBLP:conf/iccd/1996,
  title     = {1996 International Conference on Computer Design ({ICCD} '96),
               {VLSI} in Computers and Processors, October 7-9, 1996, {Austin},
               {TX}, {USA}, Proceedings},
  publisher = {IEEE Computer Society},
  year      = {1996},
  isbn      = {0-8186-7554-3},
  bibsource = {DBLP, http://dblp.uni-trier.de}
}

@proceedings{DBLP:conf/cp/1997,
  editor    = {Gert Smolka},
  title     = {Principles and Practice of Constraint Programming - {CP97}, Third
               International Conference, {Linz}, {Austria}, October 29 - November
               1, 1997, Proceedings},
  booktitle = {CP},
  publisher = {Springer},
  series    = {LNCS},
  volume    = {1330},
  year      = {1997},
  bibsource = {DBLP, http://dblp.uni-trier.de}
}

@proceedings{DBLP:conf/ijcai/2001,
  editor    = {Bernhard Nebel},
  title     = {Proceedings of the Seventeenth International Joint Conference
               on Artificial Intelligence, {IJCAI} 2001, {Seattle}, {Washington},
               {USA}, August 4-10, 2001},
  booktitle = {IJCIA},
  publisher = {Morgan Kaufmann},
  year      = {2001},
  isbn      = {1-55860-777-3},
  bibsource = {DBLP, http://dblp.uni-trier.de}
}

@proceedings{DBLP:conf/dac/2001,
  title     = {Proceedings of the 38th Design Automation Conference, {DAC} 2001,
               {Las Vegas}, NV, {USA}, June 18-22, 2001},
  booktitle = {DAC},
  publisher = {ACM},
  year      = {2001},
  isbn      = {1-58113-297-2},
  bibsource = {DBLP, http://dblp.uni-trier.de}
}

@proceedings{DBLP:conf/sat/2003,
  title     = {Theory and Applications of Satisfiability Testing, 6th International
               Conference, {SAT} 2003. {Santa Margherita Ligure}, {Italy}, May
               5-8, 2003 Selected Revised Papers},
  booktitle = {SAT},
  publisher = {Springer},
  series    = {LNCS},
  volume    = {2919},
  year      = {2004},
  isbn      = {3-540-20851-8},
  bibsource = {DBLP, http://dblp.uni-trier.de}
}

@proceedings{DBLP:conf/sat/2004lncs,
  title     = {Theory and Applications of Satisfiability Testing, 7th International
               Conference, {SAT} 2004, {Vancouver}, {BC}, {Canada}, May 10-13,
               2004, Revised Selected Papers},
  booktitle = {SAT (Selected Papers)},
  publisher = {Springer},
  series    = {LNCS},
  volume    = {3542},
  year      = {2005},
  isbn      = {3-540-27829-X},
  bibsource = {DBLP, http://dblp.uni-trier.de}
}

@proceedings{DBLP:conf/aaai/2005,
  editor    = {Manuela M. Veloso and
               Subbarao Kambhampati},
  title     = {Proceedings, The Twentieth National Conference on Artificial
               Intelligence and the Seventeenth Innovative Applications
               of Artificial Intelligence Conference, July 9-13, 2005,
               {Pittsburgh}, {Pennsylvania}, {USA}},
  publisher = {AAAI Press / The MIT Press},
  year      = {2005},
  isbn      = {1-57735-236-X},
  bibsource = {DBLP, http://dblp.uni-trier.de}
}

@proceedings{DBLP:conf/sat/2005,
  title     = {Theory and Applications of Satisfiability Testing, 8th International
               Conference, {SAT} 2005, {St. Andrews}, {UK}, June 19-23, 2005,
               Proceedings},
  booktitle = {SAT},
  publisher = {Springer},
  series    = {LNCS},
  volume    = {3569},
  year      = {2005},
  isbn      = {3-540-26276-8},
  bibsource = {DBLP, http://dblp.uni-trier.de},
}

@proceedings{DBLP:conf/sat/2006,
  title     = {Theory and Applications of Satisfiability Testing -- {SAT} 2006},
  booktitle = {SAT},
  publisher = {Springer},
  series    = {LNCS},
  volume    = {4121},
  year      = {2006},
  isbn      = {3-540-37206-7},
  bibsource = {DBLP, http://dblp.uni-trier.de},
}

@proceedings{DBLP:conf/sat/2007,
  title     = {Theory and Applications of Satisfiability Testing - {SAT}
               2007, 10th International Conference, {Lisbon}, {Portugal}, May
               28-31, 2007, Proceedings},
  booktitle = {SAT},
  publisher = {Springer},
  series    = {LNCS},
  volume    = {4501},
  year      = {2007},
  isbn      = {978-3-540-72787-3},
  bibsource = {DBLP, http://dblp.uni-trier.de},
}

@InProceedings{Kullmann2010GreenTao,
  author =       {Oliver Kullmann},
  title =        {Green-{T}ao numbers and {SAT}},
  booktitle =    {SAT 2010},
  crossref =     {Edinburgh2010},
  pages =        {352-362},
  doi = {10.1007/978-3-642-14186-7_32}
}

@Unpublished{Kullmann2011Vdw,
  author =       {Oliver Kullmann},
  title =        {Computing ordinary and palindromic van der {W}aerden numbers via collaboration between look-ahead and conflict-driven {SAT} solvers},
  note =         {In preparation},
  month =        {February},
  year =         2012
}

@Article{Kullmann2009OKlibrary,
  author =       {Oliver Kullmann},
  title =        {The \texttt{OKlibrary}: Introducing a "Holistic" Research Platform for (Generalised) {SAT} Solving},
  journal =      {Studies in Logic},
  year =         2009,
  volume =       2,
  number =       1,
  pages =        {20-53}
}

@Proceedings{Edinburgh2010,
  title =        {SAT 2010},
  year =         2010,
  editor =       {Ofer Strichman and Stefan Szeider},
  volume =       {6175},
  series =       {LNCS},
  publisher =    {Springer}
}

@inproceedings{DBLP:journals/corr/abs-0912-2552,
  author    = {Siert Wieringa and
               Matti Niemenmaa and
               Keijo Heljanko},
  title     = {Tarmo: A Framework for Parallelized Bounded Model Checking},
  booktitle = {PDMC},
  year      = {2009},
  pages     = {62-76},
  ee        = {http://dx.doi.org/10.4204/EPTCS.14.5},
  crossref  = {DBLP:journals/corr/abs-0912-3036},
  bibsource = {DBLP, http://dblp.uni-trier.de}
}

@proceedings{DBLP:journals/corr/abs-0912-3036,
  editor    = {Lubos Brim and
               Jaco van de Pol},
  title     = {Proceedings 8th International Workshop on Parallel and Distributed
               Methods in verifiCation},
  booktitle = {PDMC},
  series    = {EPTCS},
  volume    = {14},
  year      = {2009},
  ee        = {http://dx.doi.org/10.4204/EPTCS.14},
  bibsource = {DBLP, http://dblp.uni-trier.de}
}

@InCollection{Bie09HBSAT,
   Author = {Biere, Armin},
   Title = {Bounded Model Checking},
   booktitle = {Handbook of Satisfiability},
   Chapter = {14},
   Pages = {455-481},
   Crossref = {HandbookOfSAT2009}
}
@InCollection{Zha09HBSAT,
   Author = {Zhang, Hantao},
   Title = {Combinatorial Designs by {SAT} Solvers},
   booktitle = {Handbook of Satisfiability},
   Chapter = {17},
   Pages = {533-568},
   Crossref = {HandbookOfSAT2009}
}

@article{JSATparallelSATspecialissue,
  author    = {Youssef Hamadi},
  title     = {Conclusion to the Special Issue on Parallel {SAT} Solving},
  journal   = {JSAT},
  volume    = {6},
  number    = {4},
  year      = {2009},
  pages     = {263},
  ee        = {http://jsat.ewi.tudelft.nl/content/volume6/JSAT6_C_Hamadi.pdf},
  bibsource = {DBLP, http://dblp.uni-trier.de}
}

@article{DBLP:journals/jsat/HamadiJS09,
  author    = {Youssef Hamadi and
               Sa\"{\i}d Jabbour and
               Lakhdar Sais},
  title     = {{ManySAT}: a Parallel {SAT} Solver},
  journal   = {JSAT},
  volume    = {6},
  number    = {4},
  year      = {2009},
  pages     = {245-262},
  ee        = {http://jsat.ewi.tudelft.nl/content/volume6/JSAT6_12_Hamadi.pdf},
  bibsource = {DBLP, http://dblp.uni-trier.de}
}

@InCollection{Beek2006Backtracking,
  author =       {Peter van Beek},
  title =        {Backtracking Search Algorithms},
  booktitle =    {Handbook of Constraint Programming},
  crossref =     {RBW2006HandbookCSP},
  pages =        {85-134},
  chapter =      4
}
@Book{RBW2006HandbookCSP,
  editor =       {Francesca Rossi and Peter van Beek and Toby Walsh},
  title =        {Handbook of Constraint Programming},
  year =         2006,
  annote =       {Vorhanden.}
}

@InProceedings{HeuleKullmannMarek2016Pythagorean,
  author =       {Heule, Marijn J. H. and Kullmann Oliver and Marek, Victor W.},
  title =        {Solving and Verifying the boolean {P}ythagorean {T}riples problem via {C}ube-and-{C}onquer},
  booktitle =    {Theory and Applications of Satisfiability Testing - SAT 2016},
  crossref =     {Bordeaux2016},
  pages =        {228--245},
  year =         2016,
  doi =          {10.1007/978-3-319-40970-2_15}
}
@proceedings{Bordeaux2016,
  title     = {Theory and Applications of Satisfiability Testing - SAT 2016},
  booktitle = {Theory and Applications of Satisfiability Testing - SAT 2016},
  publisher = {Springer},
  series    = {LNCS},
  volume    = {9710},
  year      = {2016},
  isbn      = {978-3-319-40969-6},
  doi       = {10.1007/978-3-319-40970-2}
}

@InProceedings{HeuleKullmannWieringaBiere2011Cubism,
  author =       {Heule, Marijn J. H. and Kullmann, Oliver and Wieringa, Siert and Biere, Armin},
  title =        {Cube and Conquer: Guiding {CDCL} {SAT} Solvers by Lookaheads},
  booktitle =    {Hardware and Software: Verification and Testing (HVC 2011)},
  pages =        {50--65},
  year =         2012,
  volume =       7261,
  series =       {LNCS},
  publisher =    {Springer},
  doi =          {10.1007/978-3-642-34188-5_8},
  annote =       {Pdf-Datei vorhanden.}
}

@incollection{coprocessor,
year={2012},
isbn={978-3-642-31611-1},
booktitle={SAT 2012},
volume={7317},
series={LNCS},
editor={Cimatti, Alessandro and Sebastiani, Roberto},
doi={10.1007/978-3-642-31612-8_34},
title={Coprocessor 2.0 -- A Flexible {CNF} Simplifier},
publisher={Springer},
author={Manthey, Norbert},
pages={436--441}
}

repeated:
incollection{Crawford,
    author = {James Crawford and Matthew Ginsberg and Eugene Luks and Amitabha Roy},
    title = {Symmetry-Breaking Predicates for Search Problems},
    booktitle = {Proc. KR{\"{o}}96, 5th Int. Conf. on Knowledge Representation and Reasoning},
    year = {1996},
    pages = {148--159},
    publisher = {Morgan Kaufmann},
}

@inproceedings{satelite,
  author    = {Niklas E{\'{e}}n and
               Armin Biere},
  title     = {Effective Preprocessing in {SAT} Through Variable and Clause Elimination},
  booktitle = {Theory and Applications of Satisfiability Testing, 8th International
               Conference, {SAT} 2005, St. Andrews, UK, June 19-23, 2005, Proceedings},
  pages     = {61--75},
  year      = {2005},
  crossref  = {DBLP:conf/sat/2005},
}

@proceedings{DBLP:conf/sat/2005,
  editor    = {Fahiem Bacchus and
               Toby Walsh},
  title     = {Theory and Applications of Satisfiability Testing, 8th International
               Conference, {SAT} 2005, St. Andrews, UK, June 19-23, 2005, Proceedings},
  series    = {Lecture Notes in Computer Science},
  volume    = {3569},
  publisher = {Springer},
  year      = {2005},
}

@inproceedings{DRATpar,
  author    = {Heule, Marijn J. H. and
               Manthey, Norbert and
               Philipp, Tobias},
  title     = {Validating Unsatisfiability Results of Clause Sharing Parallel {SAT}
               Solvers},
  booktitle = {Pragmatics of {SAT}},
  pages     = {12--25},
  year      = {2014},
  timestamp = {Tue, 05 Aug 2014 12:19:08 +0200},
}

@article{Aron201411,
title = "Wikipedia-size maths proof too big for humans to check ",
journal = "New Scientist ",
volume = "221",
number = "2957",
pages = "11",
year = "2014",
note = "",
issn = "0262-4079",
doi = "http://dx.doi.org/10.1016/S0262-4079(14)60350-X",
url = "http://www.sciencedirect.com/science/article/pii/S026240791460350X",
author = "Jacob Aron",
abstract = "A computer-assisted proof is so big it may never be checked by a human being -- raising questions about the nature of modern mathematics "
}

@article{EDPAI,
  author    = {Boris Konev and
               Alexei Lisitsa},
  title     = {Computer-aided proof of {E}rd{\H{o}}s discrepancy properties},
  journal   = {Artif. Intell.},
  volume    = {224},
  pages     = {103--118},
  year      = {2015},
  url       = {http://dx.doi.org/10.1016/j.artint.2015.03.004},
  doi       = {10.1016/j.artint.2015.03.004},
  timestamp = {Thu, 23 Apr 2015 08:58:23 +0200},
  biburl    = {http://dblp.uni-trier.de/rec/bib/journals/ai/KonevL15},
  bibsource = {dblp computer science bibliography, http://dblp.org}
}

@inproceedings{Darga:2004,
 author = {Darga, Paul T. and Liffiton, Mark H. and Sakallah, Karem A. and Markov, Igor L.},
 title = {Exploiting Structure in Symmetry Detection for CNF},
 booktitle = {DAC},
 series = {DAC '04},
 year = {2004},
 isbn = {1-58113-828-8},
 pages = {530--534},
 numpages = {5},
 acmid = {996712},
 publisher = {ACM},
} 

@incollection{sbp,
year={2015},
booktitle={CADE-25},
volume={9195},
series={LNCS},
title={Expressing Symmetry Breaking in {DRAT} Proofs},
url={http://dx.doi.org/10.1007/978-3-319-21401-6_40},
publisher={Springer},
author={Heule, Marijn J. H. and {Hunt, Jr.}, Warren A. and Wetzler, Nathan D.},
pages={591--606},
language={English}
}


@inproceedings{cnc,
  author    = {Heule, Marijn J. H. and
                Kullmann, Oliver and
                Wieringa, Siert and
                Biere, Armin},
  title     = {Cube and Conquer: Guiding {CDCL} {SAT} Solvers by Lookaheads},
  booktitle = {HVC},
  pages     = {50--65},
  year      = {2011},
  crossref  = {DBLP:conf/hvc/2011},
  url       = {http://dx.doi.org/10.1007/978-3-642-34188-5_8},
  doi       = {10.1007/978-3-642-34188-5_8},
  timestamp = {Sun, 28 Oct 2012 17:33:54 +0100},
  biburl    = {http://dblp.uni-trier.de/rec/bib/conf/hvc/HeuleKWB11},
  bibsource = {dblp computer science bibliography, http://dblp.org}
}
@proceedings{DBLP:conf/hvc/2011,
  title     = {HVC},
  series    = {LNCS},
  volume    = {7261},
  publisher = {Springer},
  year      = {2012},
  url       = {http://dx.doi.org/10.1007/978-3-642-34188-5},
  doi       = {10.1007/978-3-642-34188-5},
  isbn      = {978-3-642-34187-8},
  timestamp = {Sun, 28 Oct 2012 17:32:38 +0100},
  biburl    = {http://dblp.uni-trier.de/rec/bib/conf/hvc/2011},
  bibsource = {dblp computer science bibliography, http://dblp.org}
}

@misc{drat-trim,
  author    = {Heule, Marijn J. H.},
  title     = {The {DRAT} format and {DRAT}-trim checker},
  howpublished = {CoRR, abs/1610.06229, 2016},
}

@inproceedings{Heule:2013:RAT,
  author = {Heule, Marijn J. H. and {Hunt, Jr}, Warren A. and Wetzler, Nathan D.},
  title = {Verifying Refutations with {E}xtended {R}esolution},
  booktitle = {CADE},
  year = {2013},
  series={LNAI}, 
  volume= {7898}, 
  pages = {345-359},
  publisher = {Springer},
}

@inproceedings{Een:2003,
  author    = {Niklas E{\'e}n and
               Niklas S{\"o}rensson},
  title     = {An Extensible {SAT}-solver},
  booktitle = {SAT},
  year      = {2003},
  pages     = {502-518},
  ee        = {http://dx.doi.org/10.1007/978-3-540-24605-3_37},
  crossref  = {DBLP:conf/sat/2003},
  bibsource = {DBLP, http://dblp.uni-trier.de}
}

@inproceedings{Ajtai,
 author = {Ajtai, M. and Koml\'{o}s, J. and Szemer{\'e}di, E.},
 title = {An {$\mathcal{O}(n \log n)$} Sorting Network},
 booktitle = {Proceedings of STOC},
 year = {1983},
 pages = {1--9},
 numpages = {9},
 acmid = {808726},
 publisher = {ACM},
 address = {New York, NY, USA},
} 

@inproceedings{Batcher,
 author = {Batcher, K. E.},
 title = {Sorting Networks and Their Applications},
 booktitle = {Proceedings of Spring Joint Computer Conference},
 series = {AFIPS '68},
 year = {1968},
 pages = {307--314},
 numpages = {8},
 acmid = {1468121},
 publisher = {ACM},
} 

@article{pairwise,
  author = {Parberry, Ian},
  journal = {Parallel Processing Letters},
  keywords = {dblp},
  pages = {205-211},
  title = {The Pairwise Sorting Network.},
  volume = 2,
  year = 1992
}

@incollection{EDP,
year={2014},
isbn={978-3-319-09283-6},
booktitle={SAT 2014},
volume={8561},
series={LNCS},
editor={Sinz, Carsten and Egly, Uwe},
doi={10.1007/978-3-319-09284-3_17},
title={A {SAT} Attack on the {Erd\H{o}s} {D}iscrepancy {C}onjecture},
url={http://dx.doi.org/10.1007/978-3-319-09284-3_17},
publisher={Springer},
author={Konev, Boris and Lisitsa, Alexei},
pages={219-226},
language={English}
}

@article{SmallRamsey,
  title = {Small {R}amsey numbers},
  author = {Stanis\l{}aw P. Radziszowski},
  journal = {The Electronic Journal of Combinatorics},
  volume = {\#DS1},
  year = {2014},
  }

@inproceedings{Wetzler13,
 author = {Wetzler, Nathan D. and Heule, Marijn J. H. and {Hunt, Jr.}, Warren A.},
 title = {Mechanical Verification of SAT Refutations with Extended Resolution},
 booktitle = {ITP 2013},
 series = {ITP'13},
 year = {2013},
 pages = {229--244},
 numpages = {16},
 doi = {10.1007/978-3-642-39634-2_18},
 acmid = {2529336},
 publisher = {Springer},
} 

 
 
@incollection{Wetzler14,
  year={2014},
  isbn={978-3-319-09283-6},
  booktitle={SAT 2014},
  volume={8561},
  series={LNCS},
  editor={Sinz, Carsten and Egly, Uwe},
  doi={10.1007/978-3-319-09284-3_31},
  title={{DRAT}-trim: Efficient Checking and Trimming Using Expressive Clausal Proofs},
  publisher={Springer},
  author={Wetzler, Nathan D. and Heule, Marijn J. H. and {Hunt, Jr.}, Warren A.},
  pages={422--429},
  language={English}
}


@phdthesis{Wetzler:2015,
  author = {Nathan David Wetzler},
  title = {Efficient, Mechanically-Verified Validation of
                  Satisfiability Solvers},
  school = {The University of Texas at Austin},
  year = {2015},
  month = {May},
  type = {{PhD} dissertation},
}

@article{appel77,
  added-at = {2015-05-11T07:27:56.000+0200},
  author = {Appel, Kenneth and Haken, Wolfgang},
  biburl = {http://www.bibsonomy.org/bibtex/2ca0657a648149a5fea21274ea23f0565/ytyoun},
  doi = {10.1038/scientificamerican1077-108},
  interhash = {5b79adb67d1c9aa95c9dce4957b2d087},
  intrahash = {ca0657a648149a5fea21274ea23f0565},
  journal = {Sci Am},
  keywords = {four.color.theorem graph.theory no.pdf planar},
  month = oct,
  number = 4,
  pages = {108--121},
  publisher = {Nature Publishing Group},
  timestamp = {2015-05-21T13:59:14.000+0200},
  title = {The Solution of the Four-Color-Map Problem},
  volume = 237,
  year = 1977
}

@inproceedings{Codish14,
  author    = {Michael Codish and
               Lu{\'{\i}}s Cruz{-}Filipe and
               Michael Frank and
               Peter Schneider{-}Kamp},
  title     = {Twenty-Five Comparators Is Optimal When Sorting Nine Inputs (and Twenty-Nine
               for Ten)},
  booktitle =  {ICTAI 2014},
  pages     = {186--193},
  year      = {2014},
  crossref  = {DBLP:conf/ictai/2014},
  url       = {http://dx.doi.org/10.1109/ICTAI.2014.36},
  biburl    = {http://dblp.uni-trier.de/rec/bib/conf/ictai/CodishCFS14},
  bibsource = {dblp computer science bibliography, http://dblp.org}
}

@proceedings{DBLP:conf/ictai/2014,
  title     = {26th {IEEE} International Conference on Tools with Artificial Intelligence,
               {ICTAI} 2014, Limassol, Cyprus, November 10-12, 2014},
  publisher = {{IEEE} Computer Society},
  year      = {2014},
  url       = {http://ieeexplore.ieee.org/xpl/mostRecentIssue.jsp?punumber=6979774},
  isbn      = {978-1-4799-6572-4},
  timestamp = {Sat, 02 Feb 4429935 22:32:48 +telligenceA},
  biburl    = {http://dblp.uni-trier.de/rec/bib/conf/ictai/2014},
  bibsource = {dblp computer science bibliography, http://dblp.org}
}

@inproceedings{Codish13,
  author    = {Michael Codish and
               Alice Miller and
               Patrick Prosser and
               Peter James Stuckey},
  title     = {Breaking Symmetries in Graph Representation},
  booktitle = {{IJCAI} 2013},
  year      = {2013},
  crossref  = {DBLP:conf/ijcai/2013},
  url       = {http://www.aaai.org/ocs/index.php/IJCAI/IJCAI13/paper/view/6480},
  timestamp = {Tue, 20 Aug 2013 21:19:24 +0200},
  biburl    = {http://dblp.uni-trier.de/rec/bib/conf/ijcai/CodishMPS13},
  bibsource = {dblp computer science bibliography, http://dblp.org}
}

@proceedings{DBLP:conf/ijcai/2013,
  editor    = {Francesca Rossi},
  title     = {{IJCAI} 2013},
  publisher = {{IJCAI/AAAI}},
  year      = {2013},
  isbn      = {978-1-57735-633-2},
  timestamp = {Sat, 14 Oct 4454524 09:00:16 +},
  biburl    = {http://dblp.uni-trier.de/rec/bib/conf/ijcai/2013},
  bibsource = {dblp computer science bibliography, http://dblp.org}
}

@inproceedings{SATsym, 
author={Aloul, Fadi A. and Ramani, Arathi and Markov, Igor L. and Sakallah, Karem A.}, 
booktitle={Design Automation Conference, 2002. Proceedings. 39th}, 
title={Solving difficult SAT instances in the presence of symmetry}, 
year={2002}, 
month={}, 
pages={731-736}, 
}

@incollection{Schaafsma,
year={2009},
isbn={978-3-642-02776-5},
booktitle={SAT 2009},
volume={5584},
series={LNCS},
editor={Kullmann, Oliver},
title={Dynamic Symmetry Breaking by Simulating {Z}ykov Contraction},
publisher={Springer},
author={Schaafsma, Bas and Heule, Marijn J. H. and van Maaren, Hans},
pages={223-236},
language={English}
}

@inproceedings{CPsym,
  author    = {Ian P. Gent and
               Barbara M. Smith},
  title     = {Symmetry Breaking in Constraint Programming},
  booktitle = {{ECAI} 2000},
  pages     = {599--603},
  year      = {2000},
  crossref  = {DBLP:conf/ecai/2000},
  timestamp = {Mon, 30 Jun 2003 10:55:01 +0200},
  biburl    = {http://dblp.uni-trier.de/rec/bib/conf/ecai/GentS00},
  bibsource = {dblp computer science bibliography, http://dblp.org}
}
@proceedings{DBLP:conf/ecai/2000,
  editor    = {Werner Horn},
  title     = {{ECAI} 2000, Proceedings of the 14th European Conference on Artificial
               Intelligence, Berlin, Germany, August 20-25, 2000},
  publisher = {{IOS} Press},
  year      = {2000},
  timestamp = {Mon, 30 Jun 2003 10:55:01 +0200},
  biburl    = {http://dblp.uni-trier.de/rec/bib/conf/ecai/2000},
  bibsource = {dblp computer science bibliography, http://dblp.org}
}

@article{Urquhart,
 author = {Urquhart, Alasdair},
 title = {Hard examples for resolution},
 journal = {Journal of the ACM},
 issue_date = {Jan. 1987},
 volume = {34},
 number = {1},
 month = jan,
 year = {1987},
 issn = {0004-5411},
 pages = {209--219},
 numpages = {11},
 doi = {10.1145/7531.8928},
 acmid = {8928},
 publisher = {ACM},
} 

@inproceedings{bmc,
  author    = {Armin Biere and
               Alessandro Cimatti and
               Edmund M. Clarke and
               Masahiro Fujita and
               Yunshan Zhu},
  title     = {Symbolic Model Checking Using {SAT} Procedures instead of
               BDDs},
  booktitle = {DAC},
  year      = {1999},
  pages     = {317-320},
}

@inproceedings{kinduction,
  author    = {Mary Sheeran and
               Satnam Singh and
               Gunnar St{\aa}lmarck},
  title     = {Checking Safety Properties Using Induction and a {SAT}-Solver},
  booktitle = {FMCAD},
  year      = {2000},
  pages     = {108-125},
  ee        = {http://dx.doi.org/10.1007/3-540-40922-X_8},
  crossref  = {DBLP:conf/fmcad/2000},
  bibsource = {DBLP, http://dblp.uni-trier.de}
}

@proceedings{DBLP:conf/fmcad/2000,
  editor    = {{Hunt, Jr}, Warren A. and
               Johnson, Steven D.},
  title     = {Formal Methods in Computer-Aided Design, Third International
               Conference, FMCAD 2000, Austin, Texas, USA, November 1-3,
               2000, Proceedings},
  booktitle = {FMCAD},
  publisher = {Springer},
  series    = {LNCS},
  volume    = {1954},
  year      = {2000},
  isbn      = {3-540-41219-0},
  bibsource = {DBLP, http://dblp.uni-trier.de}
}

@article{maxsat-debugging,
  author    = {Chen, Yibin and
               Safarpour, Sean and
               Marques-Silva, Jo{\~a}o P. and
               Veneris, Andreas G.},
  title     = {Automated Design Debugging With Maximum Satisfiability},
  journal   = {IEEE Trans. on CAD of Integrated Circuits and Systems},
  volume    = {29},
  number    = {11},
  year      = {2010},
  pages     = {1804-1817},
  ee        = {http://dx.doi.org/10.1109/TCAD.2010.2061270},
  bibsource = {DBLP, http://dblp.uni-trier.de}
}

@inproceedings{sec-at-Intel,
  author    = {Daher Kaiss and
               Marcelo Skaba and
               Ziyad Hanna and
               Zurab Khasidashvili},
  title     = {Industrial Strength {SAT}-based Alignability Algorithm for
               Hardware Equivalence Verification},
  booktitle = {FMCAD},
  year      = {2007},
  pages     = {20-26},
  ee        = {http://doi.ieeecomputersociety.org/10.1109/FMCAD.2007.30},
  crossref  = {DBLP:conf/fmcad/2007},
  bibsource = {DBLP, http://dblp.uni-trier.de}
}

@proceedings{DBLP:conf/fmcad/2007,
  title     = {Formal Methods in Computer-Aided Design, 7th International
               Conference, FMCAD 2007, Austin, Texas, USA, November 11-14,
               2007, Proceedings},
  booktitle = {FMCAD},
  publisher = {IEEE Computer Society},
  year      = {2007},
  bibsource = {DBLP, http://dblp.uni-trier.de}
}

@inproceedings{sec-at-IBM,
  author    = {Jason Baumgartner and
               Hari Mony and
               Viresh Paruthi and
               Robert Kanzelman and
               Geert Janssen},
  title     = {Scalable Sequential Equivalence Checking across Arbitrary
               Design Transformations },
  booktitle = {ICCD},
  year      = {2006},
  ee        = {http://www.iccd-conference.org/proceedings/2006/SpecialHWEquivI.pdf},
  crossref  = {DBLP:conf/iccd/2006},
  bibsource = {DBLP, http://dblp.uni-trier.de}
}

@proceedings{DBLP:conf/iccd/2006,
  title     = {24th International Conference on Computer Design (ICCD 2006),
               1-4 October 2006, San Jose, CA, USA},
  publisher = {IEEE},
  year      = {2006},
  bibsource = {DBLP, http://dblp.uni-trier.de}
}

@inproceedings{MishchenkoChatterjeeBraytonEenCEC,
  author    = {Alan Mishchenko and
               Satrajit Chatterjee and
               Robert K. Brayton and
               Niklas E{\'e}n},
  title     = {Improvements to combinational equivalence checking},
  booktitle = {ICCAD},
  year      = {2006},
  pages     = {836-843},
  ee        = {http://doi.acm.org/10.1145/1233501.1233679},
  crossref  = {DBLP:conf/iccad/2006},
  bibsource = {DBLP, http://dblp.uni-trier.de}
}

@proceedings{DBLP:conf/iccad/2006,
  editor    = {Soha Hassoun},
  title     = {ICCAD 2006},
  booktitle = {ICCAD},
  publisher = {ACM},
  year      = {2006},
  isbn      = {1-59593-389-1},
  bibsource = {DBLP, http://dblp.uni-trier.de}
}

@inproceedings{GoldbergPrasadBrayton:CEC,
  author    = {Evguenii I. Goldberg and
               Mukul R. Prasad and
               Robert K. Brayton},
  title     = {Using {SAT} for combinational equivalence checking},
  booktitle = {DATE},
  year      = {2001},
  pages     = {114-121},
  ee        = {http://doi.acm.org/10.1145/367072.367111},
  bibsource = {DBLP, http://dblp.uni-trier.de}
}

@inproceedings{bioinfo,
  author    = {Maria Luisa Bonet and
               Katherine St. John},
  title     = {Efficiently Calculating Evolutionary Tree Measures Using
               SAT},
  booktitle = {SAT},
  year      = {2009},
  pages     = {4-17},
  ee        = {http://dx.doi.org/10.1007/978-3-642-02777-2_3},
  crossref  = {DBLP:conf/sat/2009},
  bibsource = {DBLP, http://dblp.uni-trier.de}
}

@article{Frege,
     title = {The Relative Efficiency of Propositional Proof Systems},
     author = {Cook, Stephen A. and Reckhow, Robert A.},
     journal = {The Journal of Symbolic Logic},
     jstor_issuetitle = {},
     volume = {44},
     number = {1},
     jstor_formatteddate = {Mar., 1979},
     pages = {pp. 36-50},
     url = {http://www.jstor.org/stable/2273702},
     ISSN = {00224812},
     abstract = {},
     language = {English},
     year = {1979},
     publisher = {Association for Symbolic Logic},
     copyright = {1979 Association for Symbolic Logic},
}

@inproceedings{FPGA,
  author    = {Fadi A. Aloul and
               Arathi Ramani and
               Igor L. Markov and
               Karem A. Sakallah},
  title     = {Solving difficult SAT instances in the presence of symmetry},
  booktitle = {DAC},
  year      = {2002},
  pages     = {731-736},
  ee        = {http://doi.acm.org/10.1145/513918.514102},
  crossref  = {DBLP:conf/dac/2002},
  bibsource = {DBLP, http://dblp.uni-trier.de}
}
@proceedings{DBLP:conf/dac/2002,
  title     = {DAC},
  booktitle = {DAC},
  publisher = {ACM},
  year      = {2002},
  isbn      = {1-58113-461-4},
  ee        = {http://dl.acm.org/citation.cfm?id=513918},
  bibsource = {DBLP, http://dblp.uni-trier.de}
}

@inproceedings{DBLP:conf/lpar/HeuleJB10,
  author    = {Heule, Marijn J. H. and
                J{\"a}rvisalo, Matti and
               Biere, Armin},
  title     = {Clause Elimination Procedures for CNF Formulas},
  booktitle = {LPAR},
  year      = {2010},
  pages     = {357-371},
  bibsource = {DBLP, http://dblp.uni-trier.de}
}
@proceedings{DBLP:conf/lpar/2010y,
  editor    = {Christian G. Ferm{\"u}ller and
               Andrei Voronkov},
  title     = {Logic for Programming, Artificial Intelligence, and Reasoning
               - 17th International Conference, LPAR-17, Yogyakarta, Indonesia,
               October 10-15, 2010. Proceedings},
  booktitle = {LPAR (Yogyakarta)},
  publisher = {Springer},
  series    = {LNCS},
  volume    = {6397},
  year      = {2010},
  isbn      = {978-3-642-16241-1},
  ee        = {http://dx.doi.org/10.1007/978-3-642-16242-8},
  bibsource = {DBLP, http://dblp.uni-trier.de}
}

@inproceedings{reencoding,
author = {Norbert Manthey and Marijn J. H. Heule and Armin Biere},
title = {Automated Reencoding of Boolean Formulas},
booktitle = {Proceedings of Haifa Verification Conference 2012},
year = {2012},
}

@article{GER,
  author    = {Oliver Kullmann},
  title     = {On a Generalization of Extended Resolution},
  journal   = {Discrete Applied Mathematics},
  volume    = {96-97},
  year      = {1999},
  pages     = {149-176},
  ee        = {http://dx.doi.org/10.1016/S0166-218X(99)00037-2},
  bibsource = {DBLP, http://dblp.uni-trier.de}
}

@inproceedings{Darbari:2010,
 author = {Darbari, Ashish and Fischer, Bernd and Marques-Silva, Joao P.},
 title = {Industrial-strength certified SAT solving through verified SAT proof checking},
 booktitle = {ICTAC'10},
 year = {2010},
 pages = {260--274},
} 

@article{Cook76,
 author = {Cook, Stephen A.},
 title = {A short proof of the pigeon hole principle using extended resolution},
 journal = {SIGACT News},
 issue_date = {October-December 1976},
 volume = {8},
 number = {4},
 month = oct,
 year = {1976},
 issn = {0163-5700},
 pages = {28--32},
 numpages = {5},
 acmid = {1008338},
 publisher = {ACM},
} 

@inproceedings{rules,
  author    = { J{\"a}rvisalo, Matti and
               Heule, Marijn J. H. and
                Biere, Armin},
  title     = {Inprocessing Rules},
  booktitle = {IJCAR},
  year      = {2012},
  pages     = {355-370},
  crossref  = {DBLP:conf/cade/2012},
  bibsource = {DBLP, http://dblp.uni-trier.de}
}
@proceedings{DBLP:conf/cade/2012,
  editor    = {Bernhard Gramlich and
               Dale Miller and
               Uli Sattler},
  title     = {Automated Reasoning - 6th International Joint Conference,
               IJCAR 2012, Manchester, UK, June 26-29, 2012. Proceedings},
  booktitle = {IJCAR},
  publisher = {Springer},
  series    = {LNCS},
  volume    = {7364},
  year      = {2012},
  isbn      = {978-3-642-31364-6},
  ee        = {http://dx.doi.org/10.1007/978-3-642-31365-3},
  bibsource = {DBLP, http://dblp.uni-trier.de}
}

@inproceedings{glucoseER,
  author    = {Gilles Audemard and
               George Katsirelos and
               Laurent Simon},
  title     = {A Restriction of Extended Resolution for Clause Learning
               SAT Solvers},
  booktitle = {AAAI},
  year      = {2010},
  ee        = {http://www.aaai.org/ocs/index.php/AAAI/AAAI10/paper/view/1811},
  crossref  = {DBLP:conf/aaai/2010},
  bibsource = {DBLP, http://dblp.uni-trier.de}
}
@proceedings{DBLP:conf/aaai/2010,
  editor    = {Maria Fox and
               David Poole},
  title     = {Proceedings of the Twenty-Fourth AAAI Conference on Artificial
               Intelligence, AAAI 2010, Atlanta, Georgia, USA, July 11-15,
               2010},
  booktitle = {AAAI},
  publisher = {AAAI Press},
  year      = {2010},
  bibsource = {DBLP, http://dblp.uni-trier.de}
}

@inproceedings{EBDDRES,
  author    = {Carsten Sinz and
               Armin Biere},
  title     = {Extended Resolution Proofs for Conjoining BDDs},
  booktitle = {CSR},
  year      = {2006},
  pages     = {600-611},
  ee        = {http://dx.doi.org/10.1007/11753728_60},
  crossref  = {DBLP:conf/csr/2006},
}

@inproceedings{EBDDRES2,
  author    = {Toni Jussila and
               Carsten Sinz and
               Armin Biere},
  title     = {Extended Resolution Proofs for Symbolic SAT Solving with
               Quantification},
  booktitle = {SAT},
  year      = {2006},
  pages     = {54-60},
  ee        = {http://dx.doi.org/10.1007/11814948_8},
  bibsource = {DBLP, http://dblp.uni-trier.de}
}
@proceedings{DBLP:conf/sat/2006,
  editor    = {Armin Biere and
               Carla P. Gomes},
  title     = {SAT 2006},
  booktitle = {SAT},
  series    = {LNCS},
  volume    = {4121},
  year      = {2006},
  isbn      = {3-540-37206-7},
  bibsource = {DBLP, http://dblp.uni-trier.de}
}

@incollection{Tseitin:complexity,
  AUTHOR = {Grigori S. Tseitin},
  OPTeditor = {J.~Siekmann and G.~Wrightson},
  TITLE = {On the Complexity of Derivation in Propositional Calculus},
  BOOKTITLE = {Automation of Reasoning 2},
 pages = {466--483},
 publisher = {Springer},
 year = {1983},
}

@article{Haken85,
  author    = {Armin Haken},
  title     = {The Intractability of Resolution},
  journal   = {Theor. Comput. Sci.},
  volume    = {39},
  year      = {1985},
  pages     = {297-308},
  ee        = {http://dx.doi.org/10.1016/0304-3975(85)90144-6},
  bibsource = {DBLP, http://dblp.uni-trier.de}
}

@Book{ACL2,
  author    = "M. Kaufmann and P. Manolios and J S. Moore",
  title     = "Computer-Aided Reasoning: An Approach",
  publisher = "Kluwer Academic Publishers",
  address   = "{Boston, MA}",
  year      = 2000,
  month     = jun
}

@article{Weber200926,
title = "Efficiently checking propositional refutations in HOL theorem provers",
journal = "Journal of Applied Logic",
volume = "7",
number = "1",
pages = "26 - 40",
year = "2009",
issn = "1570-8683",
doi = "10.1016/j.jal.2007.07.003",
author = "Tjark Weber and Hasan Amjad",
}


@inproceedings{minisat,
  author    = {Niklas E{\'e}n and
               Niklas S{\"o}rensson},
  title     = {An Extensible SAT-solver},
  booktitle = {SAT},
  year      = {2003},
  pages     = {502-518},
  ee        = {http://dx.doi.org/10.1007/978-3-540-24605-3_37},
  crossref  = {DBLP:conf/sat/2003},
  bibsource = {DBLP, http://dblp.uni-trier.de}
}


@inproceedings{DBLP:conf/lpar/MouraB08,
  author    = {Leonardo Mendon\c{c}a de Moura and
               Nikolaj Bj{\o}rner},
  title     = {Proofs and Refutations, and Z3},
  booktitle = {LPAR Workshops},
  year      = {2008},
  ee        = {http://ceur-ws.org/Vol-418/paper10.pdf},
  crossref  = {DBLP:conf/lpar/2008w},
  bibsource = {DBLP, http://dblp.uni-trier.de}
}
@proceedings{DBLP:conf/lpar/2008w,
  editor    = {Piotr Rudnicki and
               Geoff Sutcliffe and
               Boris Konev and
               Renate A. Schmidt and
               Stephan Schulz},
  title     = {Proceedings of the LPAR 2008 Workshops, Knowledge Exchange:
               Automated Provers and Proof Assistants, and the 7th International
               Workshop on the Implementation of Logics, Doha, Qatar, November
               22, 2008},
  booktitle = {LPAR Workshops},
  publisher = {CEUR-WS.org},
  series    = {CEUR Workshop Proceedings},
  volume    = {418},
  year      = {2008},
  bibsource = {DBLP, http://dblp.uni-trier.de}
}

@inproceedings{chaff,
  author    = {Matthew W. Moskewicz and
               Conor F. Madigan and
               Ying Zhao and
               Lintao Zhang and
               Sharad Malik},
  title     = {Chaff: Engineering an Efficient SAT Solver},
  booktitle = {DAC},
  year      = {2001},
  pages     = {530-535},
  ee        = {http://doi.acm.org/10.1145/378239.379017},
  crossref  = {DBLP:conf/dac/2001},
  bibsource = {DBLP, http://dblp.uni-trier.de}
}
@proceedings{DBLP:conf/dac/2001,
  title     = {DAC 2001},
  booktitle = {DAC},
  publisher = {ACM},
  year      = {2001},
  isbn      = {1-58113-297-2},
  ee        = {http://dl.acm.org/citation.cfm?id=378239},
  bibsource = {DBLP, http://dblp.uni-trier.de}
}



@inproceedings{ZhangMalik:2003,
  author    = {Lintao Zhang and
               Sharad Malik},
  title     = {Validating {SAT} Solvers Using an Independent Resolution-Based
               Checker: Practical Implementations and Other Applications},
  booktitle = {DATE},
  year      = {2003},
  pages     = {10880-10885},
}


@inproceedings{DBLP:conf/sat/Gelder09,
  author    = {Van Gelder, Allen},
  title     = {Improved Conflict-Clause Minimization Leads to Improved
               Propositional Proof Traces},
  booktitle = {SAT},
  year      = {2009},
  pages     = {141-146},
  ee        = {http://dx.doi.org/10.1007/978-3-642-02777-2_15},
  crossref  = {DBLP:conf/sat/2009},
  bibsource = {DBLP, http://dblp.uni-trier.de}
}


@inproceedings{DBLP:conf/sat/Gelder11a,
  author    = {Van Gelder, Allen},
  title     = {Generalized Conflict-Clause Strengthening for Satisfiability
               Solvers},
  booktitle = {SAT},
  year      = {2011},
  pages     = {329-342},
  ee        = {http://dx.doi.org/10.1007/978-3-642-21581-0_26},
  crossref  = {DBLP:conf/sat/2011},
  bibsource = {DBLP, http://dblp.uni-trier.de}
}

@ARTICLE{Beame04,
    author = {Paul Beame and Henry Kautz and Ashish Sabharwal},
    title = {Towards understanding and harnessing the potential of clause learning},
    journal = {JAIR},
    year = {2004},
    volume = {22},
    pages = {319--351}
}

@inproceedings{ChildCheck,
  author    = {Roberto As\'{\i}n and
               Robert Nieuwenhuis and
               Albert Oliveras and
               Enric Rodr\'{\i}guez-Carbonell},
  title     = {Efficient Generation of Unsatisfiability Proofs and Cores
               in SAT},
  booktitle = {LPAR},
  year      = {2008},
  pages     = {16-30},
  ee        = {http://dx.doi.org/10.1007/978-3-540-89439-1_2},
  crossref  = {DBLP:conf/lpar/2008},
  bibsource = {DBLP, http://dblp.uni-trier.de}
}

@proceedings{DBLP:conf/lpar/2008,
  editor    = {Iliano Cervesato and
               Helmut Veith and
               Andrei Voronkov},
  title     = {LPAR 2008},
  booktitle = {LPAR},
  publisher = {Springer},
  series    = {LNCS},
  volume    = {5330},
  year      = {2008},
  isbn      = {978-3-540-89438-4},
  bibsource = {DBLP, http://dblp.uni-trier.de}
}

@inproceedings{Goldberg,
  author    = {Evguenii I. Goldberg and
               Yakov Novikov},
  title     = {Verification of Proofs of Unsatisfiability for {CNF} Formulas},
  booktitle = {DATE},
  year      = {2003},
  pages     = {10886-10891},
  bibsource = {DBLP, http://dblp.uni-trier.de}
}


@inproceedings{Gelder:2008,
  author    = {Van Gelder, Allen},
  title     = {Verifying {RUP} Proofs of Propositional Unsatisfiability},
  booktitle = {ISAIM},
  year      = {2008},
  ee        = {http://isaim2008.unl.edu/PAPERS/TechnicalProgram/ISAIM2008_0008_60a1f9b2fd607a61ec9e0feac3f438f8.pdf},
  crossref  = {DBLP:conf/isaim/2008},
  bibsource = {DBLP, http://dblp.uni-trier.de}
}

@proceedings{DBLP:conf/isaim/2008,
  title     = {International Symposium on Artificial Intelligence and Mathematics
               (ISAIM 2008), Fort Lauderdale, Florida, USA, January 2-4,
               2008},
  booktitle = {ISAIM},
  year      = {2008},
  ee        = {http://isaim2008.unl.edu/index.php?page=proceedings},
  bibsource = {DBLP, http://dblp.uni-trier.de}
}

@inproceedings{DBLP:conf/ictai/ChatalicS00,
  author    = {Philippe Chatalic and
               Laurent Simon},
  title     = {Multi-resolution on compressed sets of clauses},
  booktitle = {12th {IEEE} International Conference on Tools with Artificial Intelligence
               {(ICTAI} 2000), 13-15 November 2000, Vancouver, BC, Canada},
  pages     = {2--10},
  year      = {2000},
}

@proceedings{DBLP:conf/sat/2011,
  editor    = {Karem A. Sakallah and
               Laurent Simon},
  title     = {SAT 2011},
  booktitle = {SAT},
  publisher = {Springer},
  series    = {LNCS},
  volume    = {6695},
  year      = {2011},
  isbn      = {978-3-642-21580-3},
  ee        = {http://dx.doi.org/10.1007/978-3-642-21581-0},
  bibsource = {DBLP, http://dblp.uni-trier.de}
}

@article{picosat,
  author    = {Armin Biere},
  title     = {PicoSAT Essentials},
  journal   = {JSAT},
  volume    = {4},
  number    = {2-4},
  year      = {2008},
  pages     = {75-97},
  ee        = {http://jsat.ewi.tudelft.nl/content/volume4/JSAT4_5_Biere.pdf},
  bibsource = {DBLP, http://dblp.uni-trier.de}
}


@inproceedings{DBLP:conf/sat/SorenssonB09,
  author    = {Niklas S{\"o}rensson and
               Armin Biere},
  title     = {Minimizing Learned Clauses},
  booktitle = {SAT},
  year      = {2009},
  pages     = {237-243},
  ee        = {http://dx.doi.org/10.1007/978-3-642-02777-2_23},
  crossref  = {DBLP:conf/sat/2009},
  bibsource = {DBLP, http://dblp.uni-trier.de}
}

@proceedings{DBLP:conf/sat/2009,
  editor    = {Oliver Kullmann},
  title     = {SAT 2009},
  booktitle = {SAT},
  publisher = {Springer},
  series    = {LNCS},
  volume    = {5584},
  year      = {2009},
  isbn      = {978-3-642-02776-5},
  ee        = {http://dx.doi.org/10.1007/978-3-642-02777-2},
  bibsource = {DBLP, http://dblp.uni-trier.de}
}


@article{shatter,
  author    = {Fadi A. Aloul and
               Karem A. Sakallah and
               Igor L. Markov},
  title     = {Efficient Symmetry Breaking for Boolean Satisfiability},
  journal   = {IEEE Trans. Computers},
  volume    = {55},
  number    = {5},
  year      = {2006},
  pages     = {549-558},
}

@article{chunpaper,
  author    = {Carlos Ans{\'o}tegui and
               Jose Larrubia and
               Chu Min Li and
               Felip Many{\`a}},
  title     = {Exploiting multivalued knowledge in variable selection heuristics
               for SAT solvers},
  journal   = {Ann. Math. Artif. Intell.},
  volume    = {49},
  number    = {1-4},
  year      = {2007},
  pages     = {191-205},
}

@article{phpzooi,
 author = {Cook, Stephen A.},
 title = {A short proof of the pigeon hole principle using extended resolution},
 journal = {SIGACT News},
 issue_date = {October-December 1976},
 volume = {8},
 number = {4},
 month = oct,
 year = {1976},
 issn = {0163-5700},
 pages = {28--32},
 numpages = {5},
 acmid = {1008338},
 publisher = {ACM},
} 

@inproceedings{cook2,
  author    = {Stephen A. Cook},
  title     = {Feasibly Constructive Proofs and the Propositional Calculus
               (Preliminary Version)},
  booktitle = {STOC},
  year      = {1975},
  pages     = {83-97},
  crossref  = {DBLP:conf/stoc/STOC7},
}

@proceedings{DBLP:conf/stoc/STOC7,
  editor    = {William C. Rounds and
               Nancy Martin and
               Jack W. Carlyle and
               Michael A. Harrison},
  title     = {Proceedings of the 7th Annual ACM Symposium on Theory of
               Computing, May 5-7, 1975, Albuquerque, New Mexico, USA},
  booktitle = {STOC},
  publisher = {ACM},
  year      = {1975},
}

@article{dpllzooi,
  author    = {Martin Davis and
               George Logemann and
               Donald W. Loveland},
  title     = {A machine program for theorem-proving},
  journal   = {Communications of the ACM},
  volume    = {5},
  number    = {7},
  year      = {1962},
  pages     = {394-397},
}

@article{DP60,
  author    = {Martin Davis and
               Hilary Putnam},
  title     = {A Computing Procedure for Quantification Theory},
  journal   = {Journal of the ACM},
  volume    = {7},
  number    = {3},
  year      = {1960},
  pages     = {201-215},
}

@inproceedings{Minisatbijbel,
  author    = {Niklas E{\'e}n and
               Niklas S{\"o}rensson},
  title     = {An Extensible SAT-solver},
  booktitle = {SAT},
  year      = {2003},
  pages     = {502-518},
  crossref  = {DBLP:conf/sat/2003},
}


@inproceedings{arc,
  author    = {Ian P. Gent},
  title     = {Arc Consistency in SAT},
  booktitle = {ECAI},
  year      = {2002},
  pages     = {121-125},
  crossref  = {DBLP:conf/ecai/2002},
}

@proceedings{DBLP:conf/ecai/2002,
  editor    = {Frank van Harmelen},
  title     = {ECAI 2002},
  booktitle = {ECAI},
  publisher = {IOS Press},
  year      = {2002},
}

@inproceedings{Gomes2002,
  author = {C. Gomes and D. Shmoys},
  title = {Completing Quasigroups or Latin Squares: A Structured Graph Coloring
	Problem},
  pages = {22--39},
  crossref = {symposium02},
  keywords = {graph coloring problem, exact methods, applications, instances}
}

@proceedings{symposium02,
  title = {Proceedings of the Computational Symposium on Graph Coloring and
	its Generalizations},
  year = {2002},
  editor = {D. S. Johnson and A. Mehrotra and M. Trick},
  address = {Ithaca, New York, USA},
  booktitle = {Proceedings of the Computational Symposium on Graph Coloring and
	its Generalizations}
}

@article{structurezooi,
  author    = {David A. Plaisted and Steven Greenbaum},
  title     = {A Structure-Preserving Clause Form Translation},
  journal   = {Journal of Symbolic Computation},
  volume    = {2},
  number    = {3},
  year      = {1986},
  pages     = {293-304},
}

@inproceedings{graafzooi,
  author    = {Steven David Prestwich},
  title     = {Local Search on SAT-encoded Colouring Problems},
  booktitle = {SAT},
  year      = {2003},
  pages     = {105-119},
  crossref  = {DBLP:conf/sat/2003},
}
@proceedings{DBLP:conf/sat/2003,
  editor    = {Enrico Giunchiglia and
               Armando Tacchella},
  title     = {SAT 2003},
  booktitle = {SAT},
  publisher = {Springer},
  series    = {LNCS},
  volume    = {2919},
  year      = {2004},
  isbn      = {3-540-20851-8},
}

@incollection{Sak09HBSAT,
  author    = {Karem A. Sakallah},
  title     = {Symmetry and Satisfiability},
  booktitle = {Handbook of Satisfiability},
  year      = {2009},
  pages     = {289-338},
  crossref  = {DBLP:series/faia/2009-185},
}

@proceedings{DBLP:series/faia/2009-185,
  editor    = {Biere, Armin and
               Heule, Marijn J. H. and
               van Maaren, Hans and
               Walsh, Toby},
  title     = {Handbook of Satisfiability},
  booktitle = {Handbook of Satisfiability},
  publisher = {IOS Press},
  series    = {Frontiers in Artificial Intelligence and Applications},
  volume    = {185},
  year      = {2009},
  isbn      = {978-1-58603-929-5},
}

@inproceedings{ercompress,
  author    = {Carsten Sinz and
               Armin Biere},
  title     = {Extended Resolution Proofs for Conjoining BDDs},
  booktitle = {CSR},
  year      = {2006},
  pages     = {600-611},
  crossref  = {DBLP:conf/csr/2006},
}

@proceedings{DBLP:conf/csr/2006,
  editor    = {Dima Grigoriev and
               John Harrison and
               Edward A. Hirsch},
  title     = {CSR 2006},
  booktitle = {CSR},
  series    = {LNCS},
  volume    = {3967},
  year      = {2006},
  isbn      = {3-540-34166-8},
}

@article{exresbegin,
    author = {Tseitin, G. S.},
    citeulike-article-id = {554749},
    journal = {Studies in Mathematics and Mathematical Logic},
    pages = {115--125},
    posted-at = {2006-03-16 20:58:52},
    priority = {0},
    title = {On the complexity of derivations in the propositional calculus},
    volume = {Part II},
    year = {1968}
}

@article{hardres,
  author    = {Alasdair Urquhart},
  title     = {Hard examples for resolution},
  journal   = {Journal of the ACM },
  volume    = {34},
  number    = {1},
  year      = {1987},
  pages     = {209-219},
}

@article{vangelder,
  author    = {Van Gelder, Allen},
  title     = {Another look at graph coloring via propositional satisfiability},
  journal   = {Discrete Applied Mathematics},
  volume    = {156},
  number    = {2},
  year      = {2008},
  pages     = {230-243},
}

@article{Zykov,
  author    = {Zykov, A. A.},
  title =  {On some properties of linear complexes},
  journal = {Matematicheskii Sbornik},
  volume = {24},
  issue = {2},
  year = {1949},
  pages = {163-188},
}

@inproceedings{BCE2,
  author    = {J{\"a}rvisalo, Matti and
               Biere, Armin and
               Heule, Marijn J. H.},
  title     = {Blocked Clause Elimination},
  booktitle = {TACAS},
  year      = {2010},
  pages     = {129-144},
  crossref  = {DBLP:conf/tacas/2010},
}

@proceedings{DBLP:conf/tacas/2010,
  editor    = {Javier Esparza and
               Rupak Majumdar},
  title     = {TACAS 2010},
  booktitle = {TACAS},
  publisher = {Springer},
  series    = {LNCS},
  volume    = {6015},
  year      = {2010},
  isbn      = {978-3-642-12001-5},
}

@inproceedings{DBLP:conf/tacas/Cruz-FilipeMS17,
  author    = {Cruz{-}Filipe,  Lu{\'{\i}}s and
               Marques{-}Silva, Joao P. and
               Schneider{-}Kamp, Peter},
  title     = {Efficient Certified Resolution Proof Checking},
  booktitle = {{TACAS} {2017}},
  series    = {Lecture Notes in Computer Science},
  volume    = {10205},
  pages     = {118--135},
  year      = {2017}
}

@article{order,
  author    = {Naoyuki Tamura and
               Akiko Taga and
               Satoshi Kitagawa and
               Mutsunori Banbara},
  title     = {Compiling finite linear {CSP} into {SAT}},
  journal   = {Constraints},
  volume    = {14},
  number    = {2},
  year      = {2009},
  pages     = {254-272},
}

@misc{keur,
  author = {Alexander Keur and Coen Stevens and Mark Voortman},
  title = {Symmetry Breaking Options in Conflict Driven SAT Solving},
  note = {TU-delft technical report. Availiable at \url{http://www.st.ewi.tudelft.nl/sat/reports.php}},
}

@inproceedings{Brummayer:2010,
 author = {Brummayer, Robert and Lonsing, Florian and Biere, Armin},
 title = {Automated testing and debugging of {SAT} and {QBF} solvers},
 booktitle = {SAT 2010},
 series = {SAT'10},
 year = {2010},
 isbn = {3-642-14185-4, 978-3-642-14185-0},
 location = {Edinburgh, UK},
 pages = {44--57},
 numpages = {14},
 url = {http://dx.doi.org/10.1007/978-3-642-14186-7_6},
 doi = {10.1007/978-3-642-14186-7_6},
 acmid = {2164081},
 publisher = {Springer},
} 

@inproceedings{Heule:2013:trim,
  author = {Heule, Marijn J. H. and {Hunt, Jr.}, Warren A. and Wetzler, Nathan D.},
  title = {Trimming while Checking Clausal Proofs},
  booktitle = {Formal Methods in Computer-Aided Design},
  year = {2013},
  pages = {181-188},
  publisher = {IEEE},
}

@article{Heule:2014:delete,
  author = {Heule, Marijn J. H. and {Hunt, Jr.}, Warren A. and Wetzler, Nathan D.},
  title = {Bridging the Gap Between Easy Generation and Efficient
                  Verification of Unsatisfiability Proofs},
  journal = {Software Testing, Verification, and Reliability (STVR)},
  year = {2014},
  volume = {24},
  number = {8},
  pages = {593-607},
  publisher = {Wiley Online Library},
}

@article{DBLP:journals/tcad/DSilvaKW08,
  author    = {Vijay D'Silva and
               Daniel Kroening and
               Georg Weissenbacher},
  title     = {A Survey of Automated Techniques for Formal Software Verification},
  journal   = {{IEEE} Trans. on {CAD} of Integrated Circuits and Systems},
  volume    = {27},
  number    = {7},
  pages     = {1165--1178},
  year      = {2008}
}

@article{DBLP:journals/jair/HeuleJLSB15,
  author    = {Heule, Marijn J. H. and
               J{\"{a}}rvisalo, Matti and
               Lonsing, Florian and
               Seidl, Martina and
               Biere, Armin },
  title     = {Clause Elimination for {SAT} and {QSAT}},
  journal   = {J. Artif. Intell. Res.},
  volume    = {53},
  pages     = {127--168},
  year      = {2015}
}

@article{DBLP:journals/jar/HeuleSB17,
  author    = {Heule, Marijn J. H. and
               Seidl, Martina and
               Biere, Armin},
  title     = {Solution Validation and Extraction for {QBF} Preprocessing},
  journal   = {J. Autom. Reasoning},
  volume    = {58},
  number    = {1},
  pages     = {97--125},
  year      = {2017}
}

@inproceedings{DBLP:conf/cade/HeuleSB14,
  author    = {Heule, Marijn J. H. and
               Seidl, Martina and
               Biere, Armin},
  title     = {A Unified Proof System for {QBF} Preprocessing},
  booktitle = {{IJCAR}},
  series    = {Lecture Notes in Computer Science},
  volume    = {8562},
  pages     = {91--106},
  publisher = {Springer},
  year      = {2014}
}
