@inproceedings{DBLP:conf/ijcai/Surynek19,
  author    = {Pavel Surynek},
  title     = {Unifying Search-based and Compilation-based Approaches to Multi-agent
               Path Finding through Satisfiability Modulo Theories},
  booktitle = {Proceedings of the Twenty-Eighth International Joint Conference on
               Artificial Intelligence, {IJCAI} 2019, Macao, China, August 10-16,
               2019},
  pages     = {1177--1183},
  year      = {2019},
  crossref  = {DBLP:conf/ijcai/2019},
  OPTurl       = {https://doi.org/10.24963/ijcai.2019/164},
  OPTdoi       = {10.24963/ijcai.2019/164},
  timestamp = {Fri, 27 Mar 2020 09:00:52 +0100},
  biburl    = {https://dblp.org/rec/conf/ijcai/Surynek19.bib},
  bibsource = {dblp computer science bibliography, https://dblp.org}
}
@proceedings{DBLP:conf/ijcai/2019,
  editor    = {Sarit Kraus},
  title     = {Proceedings of the Twenty-Eighth International Joint Conference on
               Artificial Intelligence, {IJCAI} 2019, Macao, China, August 10-16,
               2019},
  publisher = {ijcai.org},
  year      = {2019},
  OPTurl       = {https://doi.org/10.24963/ijcai.2019},
  OPTdoi       = {10.24963/ijcai.2019},
  timestamp = {Wed, 16 Jun 2021 12:26:36 +0200},
  biburl    = {https://dblp.org/rec/conf/ijcai/2019.bib},
  bibsource = {dblp computer science bibliography, https://dblp.org}
}

@inproceedings{Strichman:2005:ARBMC,
  author    = {Anubhav Gupta and
               Ofer Strichman},
  title     = {Abstraction Refinement for Bounded Model Checking},
  booktitle = {Computer Aided Verification, 17th International Conference, {CAV}
               2005, Edinburgh, Scotland, UK, July 6-10, 2005, Proceedings},
  series    = {Lecture Notes in Computer Science},
  editor    = {Kousha Etessami and
               Sriram K. Rajamani},
  volume    = {3576},
  pages     = {112--124},
  year      = {2005},
  publisher = {Springer},
}

@article{Monasson:1999,
author = {Monasson, R\'emi and Zecchina, Riccardo and Kirkpatrick, Scott and Selman, Bart and Troyansky, Lidror},
year = {1999},
month = {07},
pages = {133-137},
title = {Determining computational complexity from characteristic 'phase transitions'},
volume = {400},
journal = {Nature},
OPTdoi = {10.1038/22055}
}

@inproceedings{Balyo:2017:IncrPlanning,
  author    = {Stephan Gocht and
               Tom{\'{a}}s Balyo},
  title     = {Accelerating {SAT} Based Planning with Incremental {SAT} Solving},
  booktitle = {Proceedings of the Twenty-Seventh International Conference on Automated
               Planning and Scheduling, {ICAPS} 2017, Pittsburgh, Pennsylvania, USA,
               June 18-23, 2017},
  editor    = {Laura Barbulescu and
               Jeremy Frank and
               Mausam and
               Stephen F. Smith},
  pages     = {135--139},
  year      = {2017},
  publisher = {AAAI Press},

}

@inproceedings{Brummayer:2009:Boolector,
  author    = {Robert Brummayer and
               Armin Biere},
  title     = {Boolector: An Efficient {SMT} Solver for Bit-Vectors and Arrays},
  booktitle = {Tools and Algorithms for the Construction and Analysis of Systems,
               15th International Conference, {TACAS} 2009, Held as Part of the Joint
               European Conferences on Theory and Practice of Software, {ETAPS} 2009,
               York, UK, March 22-29, 2009. Proceedings},
  series    = {Lecture Notes in Computer Science},
  volume    = {5505},
  pages     = {174--177},
  year      = {2009},
  publisher = {Springer},

}

@book{DBLP:series/faia/2009-185,
  editor    = {Armin Biere and
               Marijn Heule and
               Hans van Maaren and
               Toby Walsh},
  title     = {Handbook of Satisfiability},
  series    = {Frontiers in Artificial Intelligence and Applications},
  edition = {2},
  volume    = {336},
  publisher = {{IOS} Press},
  year      = {2021},
  isbn      = {978-1-64368-160-3},
  timestamp = {Wed, 16 Sep 2009 11:21:15 +0200},
  biburl    = {https://dblp.org/rec/series/faia/2009-185.bib},
  bibsource = {dblp computer science bibliography, https://dblp.org}
}



@book{sc2018proceedings,
title = {Proceedings of {SAT} {C}ompetition 2018: 
	Solver and Benchmark Descriptions},
editor = {Marijn J.H. Heule and Matti J\"arvisalo and Martin Suda},
series = {Department of Computer Science Series of Publications B},
volume = {B-2018-1},
publisher = {University of Helsinki},
year = {2018},
}


@inproceedings{inprocessing,
  author    = {Matti J{\"{a}}rvisalo and
               Marijn Heule and
               Armin Biere},
  title     = {Inprocessing Rules},
  booktitle = {Automated Reasoning - 6th International Joint Conference, {IJCAR}
               2012, Manchester, UK, June 26-29, 2012. Proceedings},
  pages     = {355--370},
  year      = {2012},
  editor    = {Bernhard Gramlich and
               Dale Miller and
               Uli Sattler},
  series    = {Lecture Notes in Computer Science},
  volume    = {7364},
  publisher = {Springer},
}


@inproceedings{MapleLCM,
  author    = {Mao Luo and
               Chu{-}Min Li and
               Fan Xiao and
               Felip Many{\`{a}} and
               Zhipeng L{\"{u}}},
  title     = {An Effective Learnt Clause Minimization Approach for {CDCL} {SAT}
               Solvers},
  booktitle = {Proceedings of the Twenty-Sixth International Joint Conference on
               Artificial Intelligence, {IJCAI} 2017, Melbourne, Australia, August
               19-25, 2017},
  pages     = {703--711},
  year      = {2017},
  OPTurl       = {https://doi.org/10.24963/ijcai.2017/98},
  OPTdoi       = {10.24963/ijcai.2017/98},
  timestamp = {Wed, 27 Jun 2018 12:24:11 +0200},
  biburl    = {https://dblp.org/rec/bib/conf/ijcai/LuoLXML17},
  bibsource = {dblp computer science bibliography, https://dblp.org}
}


@inproceedings{MapleSAT,
  author    = {Jia Hui Liang and
               Vijay Ganesh and
               Pascal Poupart and
               Krzysztof Czarnecki},
  title     = {Learning Rate Based Branching Heuristic for {SAT} Solvers},
  booktitle = {Theory and Applications of Satisfiability Testing - {SAT} 2016 - 19th
               International Conference, Bordeaux, France, July 5-8, 2016, Proceedings},
  pages     = {123--140},
  year      = {2016},
  editor    = {Nadia Creignou and
               Le Berre, Daniel},
  series    = {Lecture Notes in Computer Science},
  volume    = {9710},
  publisher = {Springer},
  OPTurl       = {https://doi.org/10.1007/978-3-319-40970-2},
  OPTdoi       = {10.1007/978-3-319-40970-2},
  isbn      = {978-3-319-40969-6},
  timestamp = {Tue, 23 May 2017 01:08:19 +0200},
  biburl    = {https://dblp.org/rec/bib/conf/sat/2016},
  bibsource = {dblp computer science bibliography, https://dblp.org}
}


@inproceedings{Glucose,
  author    = {Gilles Audemard and
               Laurent Simon},
  title     = {Predicting Learnt Clauses Quality in Modern {SAT} Solvers},
  booktitle = {{IJCAI} 2009, Proceedings of the 21st International Joint Conference
               on Artificial Intelligence, Pasadena, California, USA, July 11-17,
               2009},
  pages     = {399--404},
  year      = {2009},
  editor    = {Craig Boutilier},
 publisher = {Morgan Kaufmann Publishers Inc.},
} 


@inproceedings{MiniSAT,
  author    = {Niklas E{\'{e}}n and
               Niklas S{\"{o}}rensson},
  title     = {An Extensible {SAT}-solver},
  booktitle = {Theory and Applications of Satisfiability Testing, 6th International
               Conference, {SAT} 2003. Santa Margherita Ligure, Italy, May 5-8, 2003
               Selected Revised Papers},
  pages     = {502--518},
  editor    = {Enrico Giunchiglia and
               Armando Tacchella},
  series    = {Lecture Notes in Computer Science},
  volume    = {2919},
  publisher = {Springer},
  year      = {2004},
}


@inproceedings{BT,
  author    = {Alexander Nadel and
               Vadim Ryvchin},
  title     = {Chronological Backtracking},
  booktitle = {Theory and Applications of Satisfiability Testing - {SAT} 2018 - 21st
               International Conference, {SAT} 2018, Held as Part of the Federated
               Logic Conference, FloC 2018, Oxford, UK, July 9-12, 2018, Proceedings},
  pages     = {111--121},
  year      = {2018},
  editor    = {Olaf Beyersdorff and
               Christoph M. Wintersteiger},
  series    = {Lecture Notes in Computer Science},
  volume    = {10929},
  publisher = {Springer},
}


@inproceedings{ACL2check,
  author    = {Lu{\'{\i}}s Cruz{-}Filipe and
               Marijn J. H. Heule and
               Hunt, Warren A. Jr. and
               Matt Kaufmann and
               Peter Schneider{-}Kamp},
  title     = {Efficient Certified {RAT} Verification},
  booktitle = {Automated Deduction - {CADE} 26 - 26th International Conference on
               Automated Deduction, Gothenburg, Sweden, August 6-11, 2017, Proceedings},
  pages     = {220--236},
  year      = {2017},
  editor    = {Leonardo de Moura},
  series    = {Lecture Notes in Computer Science},
  volume    = {10395},
  publisher = {Springer},
}



@inproceedings{DBLP:conf/aaai/BalyoHJ17,
  author    = {Tom{\'{a}}s Balyo and
               Marijn J. H. Heule and
               Matti J{\"{a}}rvisalo},
  title     = {{SAT} {C}ompetition 2016: Recent Developments},
  booktitle = {Proceedings of the Thirty-First {AAAI} Conference on Artificial Intelligence,
               February 4-9, 2017, San Francisco, California, {USA.}},
  pages     = {5061--5063},
  year      = {2017},
  editor    = {Satinder P. Singh and
               Shaul Markovitch},
  publisher = {{AAAI} Press},
}

@article{DBLP:journals/ai/BalintBJS15,
  author    = {Adrian Balint and
               Anton Belov and
               Matti J{\"{a}}rvisalo and
               Carsten Sinz},
  title     = {Overview and Analysis of the {SAT} {C}hallenge 2012 Solver Competition},
  journal   = {Artificial Intelligence},
  volume    = {223},
  pages     = {120--155},
  year      = {2015},
  OPTurl       = {https://doi.org/10.1016/j.artint.2015.01.002},
  OPTdoi       = {10.1016/j.artint.2015.01.002},
  timestamp = {Wed, 14 Jun 2017 20:37:19 +0200},
  biburl    = {https://dblp.org/rec/bib/journals/ai/BalintBJS15},
  bibsource = {dblp computer science bibliography, https://dblp.org}
}


@article{DBLP:journals/aim/JarvisaloBRS12,
  author    = {Matti J{\"{a}}rvisalo and
               Le Berre, Daniel and
               Olivier Roussel and
               Laurent Simon},
  title     = {The International {SAT} Solver Competitions},
  journal   = {{AI} Magazine},
  volume    = {33},
  number    = {1},
  pages = {89-92},
  year      = {2012},
  OPTurl       = {http://www.aaai.org/ojs/index.php/aimagazine/article/view/2395},
  timestamp = {Wed, 30 May 2012 13:58:20 +0200},
  biburl    = {https://dblp.org/rec/bib/journals/aim/JarvisaloBRS12},
  bibsource = {dblp computer science bibliography, https://dblp.org}
}

@article{DBLP:journals/amai/SimonBH05,
  author    = {Laurent Simon and
               Le Berre, Daniel and
               Edward A. Hirsch},
  title     = {The {SAT2002} {C}ompetition},
  journal   = {Annals of Mathematics and Artificial Intelligence},
  volume    = {43},
  number    = {1},
  pages     = {307--342},
  year      = {2005},
  OPTurl       = {https://doi.org/10.1007/s10472-005-0424-6},
  OPTdoi       = {10.1007/s10472-005-0424-6},
  timestamp = {Sun, 28 May 2017 13:20:59 +0200},
  biburl    = {https://dblp.org/rec/bib/journals/amai/SimonBH05},
  bibsource = {dblp computer science bibliography, https://dblp.org}
}

@inproceedings{DBLP:conf/sat/BerreS04,
  author    = {Le Berre, Daniel and
               Laurent Simon},
  title     = {Fifty-Five Solvers in {V}ancouver: The {SAT} 2004 {C}ompetition},
  booktitle = {Theory and Applications of Satisfiability Testing, 7th International
               Conference, {SAT} 2004, Vancouver, BC, Canada, May 10-13, 2004, Revised
               Selected Papers},
  pages     = {321--344},
  editor    = {Holger H. Hoos and
               David G. Mitchell},
  series    = {Lecture Notes in Computer Science},
  volume    = {3542},
  publisher = {Springer},
  year      = {2005},
}

@inproceedings{DBLP:conf/sat/BerreS03,
  author    = {Le Berre, Daniel and
               Laurent Simon},
  title     = {The Essentials of the {SAT} 2003 {C}ompetition},
  booktitle = {Theory and Applications of Satisfiability Testing, 6th International
               Conference, {SAT} 2003. Santa Margherita Ligure, Italy, May 5-8, 2003
               Selected Revised Papers},
  pages     = {452--467},
  editor    = {Enrico Giunchiglia and
               Armando Tacchella},
  series    = {Lecture Notes in Computer Science},
  volume    = {2919},
  publisher = {Springer},
  year      = {2004},
}




@inproceedings{DBLP:conf/sycss/BjornerP14,
  author    = {Nikolaj Bj{\o}rner and
               Anh{-}Dung Phan},
  title     = {{\(\nu\)}Z - Maximal Satisfaction with {Z3}},
  booktitle = {6th International Symposium on Symbolic Computation in Software Science,
               {SCSS} 2014, Gammarth, La Marsa, Tunisia, December 7-8, 2014},
  pages     = {1--9},
  year      = {2014},
  crossref  = {DBLP:conf/sycss/2014},
  OPTurl       = {https://easychair.org/publications/paper/xbn},
  timestamp = {Wed, 27 May 2020 16:02:35 +0200},
  biburl    = {https://dblp.org/rec/conf/sycss/BjornerP14.bib},
  bibsource = {dblp computer science bibliography, https://dblp.org}
}
@proceedings{DBLP:conf/sycss/2014,
  editor    = {Temur Kutsia and
               Andrei Voronkov},
  title     = {6th International Symposium on Symbolic Computation in Software Science,
               {SCSS} 2014, Gammarth, La Marsa, Tunisia, December 7-8, 2014},
  series    = {EPiC Series in Computing},
  volume    = {30},
  publisher = {EasyChair},
  year      = {2014},
  OPTurl       = {https://easychair.org/publications/volume/SCSS\_2014},
  timestamp = {Mon, 11 Jan 2021 11:38:47 +0100},
  biburl    = {https://dblp.org/rec/conf/sycss/2014.bib},
  bibsource = {dblp computer science bibliography, https://dblp.org}
}

@inproceedings{DBLP:conf/tacas/MouraB08,
  author    = {Leonardo Mendon{\c{c}}a de Moura and
               Nikolaj Bj{\o}rner},
  title     = {{Z3:} An Efficient {SMT} Solver},
  booktitle = {Tools and Algorithms for the Construction and Analysis of Systems,
               14th International Conference, {TACAS} 2008, Held as Part of the Joint
               European Conferences on Theory and Practice of Software, {ETAPS} 2008,
               Budapest, Hungary, March 29-April 6, 2008. Proceedings},
  pages     = {337--340},
  year      = {2008},
  crossref  = {DBLP:conf/tacas/2008},
  OPTurl       = {https://doi.org/10.1007/978-3-540-78800-3\_24},
  OPTdoi       = {10.1007/978-3-540-78800-3\_24},
  timestamp = {Tue, 14 May 2019 10:00:53 +0200},
  biburl    = {https://dblp.org/rec/conf/tacas/MouraB08.bib},
  bibsource = {dblp computer science bibliography, https://dblp.org}
}
@proceedings{DBLP:conf/tacas/2008,
  editor    = {C. R. Ramakrishnan and
               Jakob Rehof},
  title     = {Tools and Algorithms for the Construction and Analysis of Systems,
               14th International Conference, {TACAS} 2008, Held as Part of the Joint
               European Conferences on Theory and Practice of Software, {ETAPS} 2008,
               Budapest, Hungary, March 29-April 6, 2008. Proceedings},
  series    = {Lecture Notes in Computer Science},
  volume    = {4963},
  publisher = {Springer},
  year      = {2008},
  OPTurl       = {https://doi.org/10.1007/978-3-540-78800-3},
  OPTdoi       = {10.1007/978-3-540-78800-3},
  OPTisbn      = {978-3-540-78799-0},
  timestamp = {Mon, 11 Jan 2021 11:37:20 +0100},
  biburl    = {https://dblp.org/rec/conf/tacas/2008.bib},
  bibsource = {dblp computer science bibliography, https://dblp.org}
}

@article{DBLP:journals/jsat/HeuleJS19,
  author    = {Marijn J. H. Heule and
               Matti J{\"{a}}rvisalo and
               Martin Suda},
  title     = {{SAT} {C}ompetition 2018},
  journal   = {Journal on Satisfiability, Boolean Modeling and Computation},
  volume    = {11},
  number    = {1},
  pages     = {133--154},
  year      = {2019},
  OPTurl       = {https://doi.org/10.3233/SAT190120},
  OPTdoi       = {10.3233/SAT190120},
  timestamp = {Mon, 30 Mar 2020 13:50:36 +0200},
  biburl    = {https://dblp.org/rec/journals/jsat/HeuleJS19.bib},
  bibsource = {dblp computer science bibliography, https://dblp.org}
}

@misc{starexec,
  author =       {Aaron Stump and Geoff Sutcliffe and Cesare Tinelli},
  title =        {{StarExec, a Cross Community Logic Solving Service}},
  howpublished = {\url{https://www.starexec.org}},
  year = 2012,
}

@misc{satComp2020www,
  author =       {Balyo, Tom{\'{a}}{\v{s}} and Froleyks, Nils and Heule, Marijn J. H. and Iser, Markus and Järvisalo, Matti and Suda, Martin},
  title =        {{SAT Competition 2020}},
  howpublished = {\url{https://satcompetition.github.io/2020/}},
  year = 2020,
}

@misc{cakeLprGithub,
  author =       {Yong Kiam Tan},
  title =        {{Cake\_lpr on Github}},
  howpublished = {\url{https://github.com/tanyongkiam/cake_lpr}},
  year = 2020,
}

@inproceedings{DRATtrim,
  author    = {Nathan Wetzler and
               Marijn Heule and
               Hunt, Warren A. Jr.},
  title     = {{DRAT-trim}: Efficient Checking and Trimming Using Expressive Clausal
               Proofs},
  booktitle = {Theory and Applications of Satisfiability Testing - {SAT} 2014 - 17th
               International Conference, Held as Part of the Vienna Summer of Logic,
               {VSL} 2014, Vienna, Austria, July 14-17, 2014. Proceedings},
  pages     = {422--429},
  year      = {2014},
  editor    = {Carsten Sinz and
               Uwe Egly},
  series    = {Lecture Notes in Computer Science},
  volume    = {8561},
  publisher = {Springer},
}

% SC 2020

@inproceedings{Biere:SC2020,
  title     = {{CaDiCaL}, {K}issat, {P}aracooba, {P}lingeling and {T}reengeling Entering the {SAT} {C}ompetition 2020},
  author    = {Biere, Armin and Fazekas, Katalin and Fleury, Mathias and Heisinger, Maximillian},
  year      = {2020},
  booktitle = {Proceedings of SAT Competition 2020: Solver and Benchmark Descriptions},
  crossref  = {SC2020},
  pages     = {50--53}
}

@inproceedings{Biere:SC2019,
  title     = {{CaDiCaL} at the {SAT} {R}ace 2019},
  author    = {Armin Biere},
  year      = {2019},
  booktitle = {Proceedings of SAT Competition 2020: Solver and Benchmark Descriptions},
  crossref  = {SC2019},
  pages     = {8--9}
}

@article{ChuMinLi:2020:Vivification,
  author    = {Chu{-}Min Li and
               Fan Xiao and
               Mao Luo and
               Felip Many{\`{a}} and
               Zhipeng L{\"{u}} and
               Yu Li},
  title     = {Clause vivification by unit propagation in {CDCL} {SAT} solvers},
  journal   = {Artificial Intelligence},
  volume    = {279},
  pages = {Article 103197},
  year      = {2020}
}

@inproceedings{Kiesl:2019:Autarkies,
  author    = {Benjamin Kiesl and
               Marijn J. H. Heule and
               Armin Biere},
  editor    = {Yu{-}Fang Chen and
               Chih{-}Hong Cheng and
               Javier Esparza},
  title     = {Truth Assignments as Conditional Autarkies},
  booktitle = {Automated Technology for Verification and Analysis - 17th International
               Symposium, {ATVA} 2019, Taipei, Taiwan, October 28-31, 2019, Proceedings},
  series    = {Lecture Notes in Computer Science},
  volume    = {11781},
  pages     = {48--64},
  publisher = {Springer},
  year      = {2019}
}

@inproceedings{Audemard:2018:GlucoseSyrup,
  title     = {{G}lucose and {S}yrup: Nine Years in the {SAT} {C}ompetitions},
  author    = {Audemard, Gilles and Simon, Laurent},
  year      = {2018},
  booktitle = {Proceedings of SAT Competition 2018: Solver and Benchmark Descriptions},
  crossref  = {SC2018},
  pages     = {24--25}
}

@article{Hamadi:2009:ManySat,
  author    = {Youssef Hamadi and
               Sa{\"{\i}}d Jabbour and
               Lakhdar Sais},
  title     = {{ManySAT}: a Parallel {SAT} Solver},
  journal   = {Journal on Satisfiability Boolean Modeling Computation},
  volume    = {6},
  number    = {4},
  pages     = {245--262},
  year      = {2009}
}

@inproceedings{Ehlers:2018:Toposat2,
  author    = {Thorsten Ehlers and
               Dirk Nowotka},
  editor    = {Le Berre, Daniel and
               Matti J{\"{a}}rvisalo},
  title     = {Tuning Parallel {SAT} Solvers},
  booktitle     = {Proceedings of Pragmatics of {SAT} 2015, Austin, Texas, USA, September
               23, 2015 / Pragmatics of {SAT} 2018, Oxford, UK, July 7, 2018},
  series    = {EPiC Series in Computing},
  volume    = {59},
  publisher = {EasyChair},
  year      = {2019},
  pages     = {127--143},
}

@inproceedings{Audemard:2014:LazyClauseExchange,
  author    = {Gilles Audemard and
               Laurent Simon},
  title     = {Lazy Clause Exchange Policy for Parallel {SAT} Solvers},
  booktitle = {Theory and Applications of Satisfiability Testing - {SAT} 2014 - 17th
               International Conference, Held as Part of the Vienna Summer of Logic,
               {VSL} 2014, Vienna, Austria, July 14-17, 2014. Proceedings},
  series    = {Lecture Notes in Computer Science},
  editor    = {Carsten Sinz and
               Uwe Egly},
  volume    = {8561},
  pages     = {197--205},
  year      = {2014}
}

@inproceedings{Ryvchin:SC2018:MapleChronoBT,
  title     = {{Maple\_LCM\_Dist\_ChronoBT}: Featuring Chronological Backtracking},
  author    = {Ryvchin, Vadim and Nadel, Alexander},
  year      = {2018},
  booktitle = {Proceedings of SAT Competition 2018: Solver and Benchmark Descriptions},
  crossref  = {SC2018},
  pages     = {29--29}
}

@inproceedings{Kochemazov:SC2019:MapleChronoBTDL,
  title     = {{MapleLCMDistChronoBT-DL}, Duplicate Learnts Heuristic-aided Solvers at the {SAT Race} 2019},
  author    = {Kochemazov, Stepan and Zaikin, Oleg and Kondratiev, Victor and Semenov, Alexander},
  year      = {2019},
  booktitle = {Proceedings of SAT Competition 2019: Solver and Benchmark Descriptions},
  crossref  = {SC2019},
  pages     = {24--24}
}

@inproceedings{Osama:SC2020:Parafrost,
  title     = {{ParaFROST, ParaFROST CBT, ParaFROST HRE, ParaFROST ALL}},
  author    = {Osama, Muhammad and Wijs, Anton},
  year      = {2020},
  booktitle = {Proceedings of SAT Competition 2020: Solver and Benchmark Descriptions},
  crossref  = {SC2020},
  pages     = {42--42}
}

@inproceedings{Biere:2012:Lingeling,
  title     = {{LINGELING} and Friends Entering the {SAT Challenge} 2012},
  author    = {Armin Biere},
  year      = {2012},
  booktitle = {Proceedings of SAT Challenge 2012: Solver and Benchmark Descriptions},
  crossref  = {SC2012},
  pages     = {33--33}
}

@inproceedings{Biere:2018:LingelingYalsat,
  title     = {{CADICAL, LINGELING, PLINGELING, TREENGELING} and {YALSAT} Entering the {SAT} {C}ompetition 2018},
  author    = {Armin Biere},
  year      = {2018},
  booktitle = {Proceedings of SAT Competition 2018: Solver and Benchmark Descriptions},
  crossref  = {SC2018},
  pages     = {13--14}
}

@inproceedings{Soos:2009:Crypto,
  author    = {Mate Soos and
               Karsten Nohl and
               Claude Castelluccia},
  editor    = {Oliver Kullmann},
  title     = {Extending {SAT} Solvers to Cryptographic Problems},
  booktitle = {Theory and Applications of Satisfiability Testing - {SAT} 2009, 12th
               International Conference, {SAT} 2009, Swansea, UK, June 30 - July
               3, 2009. Proceedings},
  series    = {Lecture Notes in Computer Science},
  volume    = {5584},
  pages     = {244--257},
  publisher = {Springer},
  year      = {2009}
}

@inproceedings{Soos:SC2020,
  title     = {{CryptoMiniSat} with {CCAnr} at the {SAT} {C}ompetition 2020},
  author    = {Soos, Mate and Cai, Shaowei and Deviendt, Jo and Gocht, Stephan and Shaw, Arijit and Meel, Kuldeep S.},
  year      = {2020},
  booktitle = {Proceedings of SAT Competition 2020: Solver and Benchmark Descriptions},
  crossref  = {SC2020},
  pages     = {27--28}
}

@inproceedings{Shaw:2020:LSIDS,
  author    = {Arijit Shaw and
               Kuldeep S. Meel},
  editor    = {Luca Pulina and
               Martina Seidl},
  title     = {Designing New Phase Selection Heuristics},
  booktitle = {Theory and Applications of Satisfiability Testing - {SAT} 2020 - 23rd
               International Conference, Alghero, Italy, July 3-10, 2020, Proceedings},
  series    = {Lecture Notes in Computer Science},
  volume    = {12178},
  pages     = {72--88},
  publisher = {Springer},
  year      = {2020}
}

@inproceedings{Nadel:2018:CBT,
  author    = {Alexander Nadel and
               Vadim Ryvchin},
  editor    = {Olaf Beyersdorff and
               Christoph M. Wintersteiger},
  title     = {Chronological Backtracking},
  booktitle = {Theory and Applications of Satisfiability Testing - {SAT} 2018 - 21st
               International Conference, {SAT} 2018, Held as Part of the Federated
               Logic Conference, FloC 2018, Oxford, UK, July 9-12, 2018, Proceedings},
  series    = {Lecture Notes in Computer Science},
  volume    = {10929},
  pages     = {111--121},
  publisher = {Springer},
  year      = {2018}
}

@inproceedings{Devriendt:2016:BreakId,
  author    = {Jo Devriendt and
               Bart Bogaerts and
               Maurice Bruynooghe and
               Marc Denecker},
  editor    = {Nadia Creignou and
               Le Berre, Daniel},
  title     = {Improved Static Symmetry Breaking for {SAT}},
  booktitle = {Theory and Applications of Satisfiability Testing - {SAT} 2016 - 19th
               International Conference, Bordeaux, France, July 5-8, 2016, Proceedings},
  series    = {Lecture Notes in Computer Science},
  volume    = {9710},
  pages     = {104--122},
  publisher = {Springer},
  year      = {2016}
}

@inproceedings{Soos:2020:CNFXOR,
  author    = {Mate Soos and
               Stephan Gocht and
               Kuldeep S. Meel},
  editor    = {Shuvendu K. Lahiri and
               Chao Wang},
  title     = {Tinted, Detached, and Lazy {CNF-XOR} Solving and Its Applications
               to Counting and Sampling},
  booktitle = {Computer Aided Verification - 32nd International Conference, {CAV}
               2020, Los Angeles, CA, USA, July 21-24, 2020, Proceedings, Part {I}},
  series    = {Lecture Notes in Computer Science},
  volume    = {12224},
  pages     = {463--484},
  publisher = {Springer},
  year      = {2020}
}

@inproceedings{Cai:2015:CCAnr,
  author    = {Shaowei Cai and
               Chuan Luo and
               Kaile Su},
  editor    = {Marijn Heule and
               Sean A. Weaver},
  title     = {{CCAnr}: {A} Configuration Checking Based Local Search Solver for Non-random
               Satisfiability},
  booktitle = {Theory and Applications of Satisfiability Testing - {SAT} 2015 - 18th
               International Conference, Austin, TX, USA, September 24-27, 2015,
               Proceedings},
  series    = {Lecture Notes in Computer Science},
  volume    = {9340},
  pages     = {1--8},
  publisher = {Springer},
  year      = {2015}
}

@inproceedings{Bacchus:SC2020,
  title     = {{C}adical-trail, {C}adical-alluip, {C}adical-alluip-trail, and {M}aple-{LCM}-{D}ist-alluip-trail at the {SAT} {C}ompetition 2020},
  author    = {Randy Hickey and Nick Feng and Fahiem Bacchus},
  year      = {2020},
  booktitle = {Proceedings of SAT Competition 2020: Solver and Benchmark Descriptions},
  crossref  = {SC2020},
  pages     = {10}
}

@inproceedings{Hickey:2020:TrailSaving,
  author    = {Randy Hickey and
               Fahiem Bacchus},
  editor    = {Luca Pulina and
               Martina Seidl},
  title     = {Trail Saving on Backtrack},
  booktitle = {Theory and Applications of Satisfiability Testing - {SAT} 2020 - 23rd
               International Conference, Alghero, Italy, July 3-10, 2020, Proceedings},
  series    = {Lecture Notes in Computer Science},
  volume    = {12178},
  pages     = {46--61},
  publisher = {Springer},
  year      = {2020}
}

@inproceedings{Zhang:2001:ClauseLearning,
  author    = {Lintao Zhang and
               Conor F. Madigan and
               Matthew W. Moskewicz and
               Sharad Malik},
  editor    = {Rolf Ernst},
  title     = {Efficient Conflict Driven Learning in Boolean Satisfiability Solver},
  booktitle = {Proceedings of the 2001 {IEEE/ACM} International Conference on Computer-Aided
               Design, {ICCAD} 2001, San Jose, CA, USA, November 4-8, 2001},
  pages     = {279--285},
  publisher = {{IEEE} Computer Society},
  year      = {2001}
}

@inproceedings{Schreiber:SC2020,
  title     = {Engineering {HordeSat} Towards Malleability: mallob-mono in the {SAT} 2020 Cloud Track},
  author    = {Dominik Schreiber},
  year      = {2020},
  booktitle = {Proceedings of SAT Competition 2020: Solver and Benchmark Descriptions},
  crossref  = {SC2020},
  pages     = {45--46}
}

@inproceedings{Ehlers:SC2020,
  title     = {{TopoSAT} 2},
  author    = {Thorsten Ehlers and Mitja Kulczynski and Dirk Nowotka and Philipp Sieweck},
  year      = {2020},
  booktitle = {Proceedings of SAT Competition 2020: Solver and Benchmark Descriptions},
  crossref  = {SC2020},
  pages     = {60--60}
}

@inproceedings{Riveros:SC2020,
  title     = {{SLIME} {SAT} Solver},
  author    = {Oscar Riveros},
  year      = {2020},
  booktitle = {Proceedings of SAT Competition 2020: Solver and Benchmark Descriptions},
  crossref  = {SC2020},
  pages     = {59--59}
}

@inproceedings{Riveros:SC2019,
  title     = {{SLIME}: A Minimal Heuristic to Boost {SAT} Solving},
  author    = {Oscar Riveros},
  year      = {2019},
  booktitle = {Proceedings of SAT Competition 2019: Solver and Benchmark Descriptions},
  crossref  = {SC2019},
  pages     = {38--38}
}

@inproceedings{Xindi:SC2020,
  title     = {Relaxed Backtracking with Rephasing},
  author    = {Xindi Zhang and Shaowei Cai},
  year      = {2020},
  booktitle = {Proceedings of SAT Competition 2020: Solver and Benchmark Descriptions},
  crossref  = {SC2020},
  pages     = {15--16}
}

@inproceedings{Xindi:SC2019,
  title     = {Four Relaxed {CDCL} Solvers},
  author    = {Xindi Zhang and Shaowei Cai},
  year      = {2019},
  booktitle = {Proceedings of SAT Competition 2019: Solver and Benchmark Descriptions},
  crossref  = {SC2019},
  pages     = {35--36}
}

@inproceedings{Kochemazov:SC2020,
  title     = {{F2TRC}: deterministic modifications of {SC2018-SR2019} winners},
  author    = {Stepan Kochemazov},
  year      = {2020},
  booktitle = {Proceedings of SAT Competition 2020: Solver and Benchmark Descriptions},
  crossref  = {SC2020},
  pages     = {21--22}
}

@inproceedings{Oh:2015:satunsat,
  author    = {Chanseok Oh},
  editor    = {Marijn Heule and
               Sean A. Weaver},
  title     = {Between {SAT} and {UNSAT:} The Fundamental Difference in {CDCL} {SAT}},
  booktitle = {Theory and Applications of Satisfiability Testing - {SAT} 2015 - 18th
               International Conference, Austin, TX, USA, September 24-27, 2015,
               Proceedings},
  series    = {Lecture Notes in Computer Science},
  volume    = {9340},
  pages     = {307--323},
  publisher = {Springer},
  year      = {2015}
}


@inproceedings{Frioux:2017:Painless,
  author    = {Ludovic Le Frioux and
               Souheib Baarir and
               Julien Sopena and
               Fabrice Kordon},
  editor    = {Serge Gaspers and
               Toby Walsh},
  title     = {{PaInleSS}: {A} Framework for Parallel {SAT} Solving},
  booktitle = {Theory and Applications of Satisfiability Testing - {SAT} 2017 - 20th
               International Conference, Melbourne, VIC, Australia, August 28 - September
               1, 2017, Proceedings},
  series    = {Lecture Notes in Computer Science},
  volume    = {10491},
  pages     = {233--250},
  publisher = {Springer},
  year      = {2017}
}

@inproceedings{Liang:2016:MapleCOMSPS,
  author    = {Liang, J. H. and Oh C. and Ganesh V. and Czarnecki K. and Poupart P.},
  title     = {{MapleCOMSPS, MapleCOMSPS LRB, MapleCOMSPS CHB}},
  year      = {2016},
  booktitle = {Proceedings of SAT Competition 2016: Solver and Benchmark Descriptions},
  crossref  = {SC2016},
  pages     = {52--53}
}

@inproceedings{Liang:2017:MapleCOMSPS,
  author    = {Liang, J. H. and Oh C. and Ganesh V. and Czarnecki K. and Poupart P.},
  title     = {{MapleCOMSPS LRB VSIDS} and {MapleCOMSPS CHB VSIDS}},
  year      = {2017},
  booktitle = {Proceedings of SAT Competition 2017: Solver and Benchmark Descriptions},
  crossref  = {SC2017},
  pages     = {20--21}
}

@inproceedings{Xiao:2017:MapleLCMDist,
  author    = {Xiao, F. and Luo, M. and Li, Chu-Min and Manyà, Felip and Lü, Zhipeng},
  title     = {{MapleLRB LCM, Maple LCM, Maple LCM Dist, MapleLRB LCMoccRestart}
and {G}lucose-3.0+width in {SAT} {C}ompetition 2017},
  year      = {2017},
  booktitle = {Proceedings of SAT Competition 2017: Solver and Benchmark Descriptions},
  crossref  = {SC2017},
  pages     = {20--21}
}

@inproceedings{Luo:2017:LCM,
  author    = {Mao Luo and
               Chu{-}Min Li and
               Fan Xiao and
               Felip Many{\`{a}} and
               Zhipeng L{\"{u}}},
  editor    = {Carles Sierra},
  title     = {An Effective Learnt Clause Minimization Approach for {CDCL} {SAT}
               Solvers},
  booktitle = {Proceedings of the Twenty-Sixth International Joint Conference on
               Artificial Intelligence, {IJCAI} 2017, Melbourne, Australia, August
               19-25, 2017},
  pages     = {703--711},
  publisher = {ijcai.org},
  year      = {2017}
}

@inproceedings{Wieringa:2013:CCS,
  author    = {Siert Wieringa and
               Keijo Heljanko},
  editor    = {Matti J{\"{a}}rvisalo and
               Allen Van Gelder},
  title     = {Concurrent Clause Strengthening},
  booktitle = {Theory and Applications of Satisfiability Testing - {SAT} 2013 - 16th
               International Conference, Helsinki, Finland, July 8-12, 2013. Proceedings},
  series    = {Lecture Notes in Computer Science},
  volume    = {7962},
  pages     = {116--132},
  publisher = {Springer},
  year      = {2013}
}

@proceedings{SC2020,
  editor    = {Balyo, Tom{\'{a}}{\v{s}} and Froleyks, Nils and Heule, Marijn J. H. and Iser, Markus and J\"arvisalo, Matti and Suda, Martin},
  title     = {Proceedings of SAT Competition 2020; Solver and Benchmark Descriptions},
  publisher = {Department of Computer Science, University of Helsinki},
  series = {Department of Computer Science Report Series B},
  volume = {B-2020-1},
  year      = {2020}
}

@article{Balyo:2015:SATRace,
  author    = {Tom{\'{a}}s Balyo and
               Armin Biere and
               Markus Iser and
               Carsten Sinz},
  title     = {{SAT} {R}ace 2015},
  journal   = {Artificial Intelligence},
  volume    = {241},
  pages     = {45--65},
  year      = {2016}
}

@inproceedings{Balyo:2019:LSP,
  author    = {Kai Fieger and
               Tom{\'{a}}s Balyo and
               Christian Schulz and
               Dominik Schreiber},
  editor    = {Pavel Surynek and
               William Yeoh},
  title     = {Finding Optimal Longest Paths by Dynamic Programming in Parallel},
  booktitle = {Proceedings of the Twelfth International Symposium on Combinatorial
               Search, {SOCS} 2019, Napa, California, 16-17 July 2019},
  pages     = {61--69},
  publisher = {{AAAI} Press},
  year      = {2019}
}

@inproceedings{Philipp:2015:PBLib,
  author    = {Tobias Philipp and
               Peter Steinke},
  editor    = {Marijn Heule and
               Sean A. Weaver},
  title     = {{PBLib} -- {A} Library for Encoding Pseudo-Boolean Constraints into {CNF}},
  booktitle = {Theory and Applications of Satisfiability Testing - {SAT} 2015 - 18th
               International Conference, Austin, TX, USA, September 24-27, 2015,
               Proceedings},
  series    = {Lecture Notes in Computer Science},
  volume    = {9340},
  pages     = {9--16},
  publisher = {Springer},
  year      = {2015}
}

@inproceedings{Bloem:2018:QBFSAT,
  author    = {Roderick Bloem and
               Nicolas Braud{-}Santoni and
               Vedad Hadzic and
               Uwe Egly and
               Florian Lonsing and
               Martina Seidl},
  editor    = {Nikolaj Bj{\o}rner and
               Arie Gurfinkel},
  title     = {Expansion-Based {QBF} Solving Without Recursion},
  booktitle = {2018 Formal Methods in Computer Aided Design, {FMCAD} 2018, Austin,
               TX, USA, October 30 - November 2, 2018},
  pages     = {1--10},
  publisher = {{IEEE}},
  year      = {2018}
}


@article{Janota:2015:Backbones,
  author    = {Mikol{\'{a}}s Janota and
               In{\^{e}}s Lynce and
               Jo{\~{a}}o Marques{-}Silva},
  title     = {Algorithms for computing backbones of propositional formulae},
  journal   = {{AI} Communications},
  volume    = {28},
  number    = {2},
  pages     = {161--177},
  year      = {2015}
}

@article{Bryant:1987:Essentials,
  author    = {Randal E. Bryant},
  title     = {Boolean Analysis of {MOS} Circuits},
  journal   = {{IEEE} Transactions on Computer Aided Desisgn of Integrated Circuits and Systems},
  volume    = {6},
  number    = {4},
  pages     = {634--649},
  year      = {1987}
}

% REFERENCES: Structure

% Structure: encodings
@inproceedings{Tseitin:1970,
  title     = {On the Complexity of Derivation in Propositional Calculus},
  author    = {Tseitin, G. S.},
  year      = {1968},
  booktitle = {Studies in Constructive Mathematics and Mathematical Logic, Part 2},
  pages     = {115-125}
}

@inproceedings{Greenbaum:1982,
  author    = {Steven Greenbaum and
               A. Nagasaka and
               Paul O'Rorke and
               David A. Plaisted},
  title     = {Comparison of Natural Deduction and Locking Resolution Implementations},
  booktitle = {6th Conference on Automated Deduction, New York, USA, June 7-9, 1982, Proceedings},
  pages     = {159--171},
  year      = {1982}
}

@article{PlaistedGreenbaum:1986,
  author    = {David A. Plaisted and Steven Greenbaum}, 
  title     = {A Structure-Preserving Clause Form Translation},
  journal   = {Journal of Symbolic Computation},
  volume    = {2},
  number    = {3},
  pages     = {293--304},
  year      = {1986}
}

@article{BoydelaTour:1992,
  author    = {Thierry Boy de la Tour},
  title     = {An Optimality Result for Clause Form Translation},
  journal   = {Journal of Symbolic Computation},
  volume    = {14},
  number    = {4},
  pages     = {283--302},
  year      = {1992}
}

@article{Egly:1996,
  author    = {Uwe Egly},
  title     = {On Different Structure-Preserving Translations to Normal Form},
  journal   = {J. Symb. Comput.},
  volume    = {22},
  number    = {2},
  pages     = {121--142},
  year      = {1996}
}

@inproceedings{EglyRath:1996,
  author    = {Uwe Egly and Thomas Rath},
  title     = {On the Practical Value of Different Definitional Translations to Normal Form},
  booktitle = {Automated Deduction - CADE-13, 13th International Conference on Automated
               Deduction, New Brunswick, NJ, USA, July 30 - August 3, 1996, Proceedings},
  pages     = {403--417},
  year      = {1996}
}

@inproceedings{JacksonSheridan:2004,
  author    = {Paul B. Jackson and
               Daniel Sheridan},
  title     = {Clause Form Conversions for Boolean Circuits},
  booktitle = {Theory and Applications of Satisfiability Testing, 7th International
               Conference, {SAT} 2004, Vancouver, BC, Canada, May 10-13, 2004, Revised
               Selected Papers},
  pages     = {183--198},
  year      = {2004}
}

@book{ChangLee:1973,
  author    = {Chin{-}Liang Chang and
               Richard C. T. Lee},
  title     = {Symbolic logic and mechanical theorem proving},
  series    = {Computer science classics},
  publisher = {Academic Press},
  year      = {1973}
}

@inproceedings{Sinz:2005:Cardinality,
  author    = {Carsten Sinz},
  title     = {Towards an Optimal {CNF} Encoding of Boolean Cardinality Constraints},
  booktitle = {Principles and Practice of Constraint Programming - {CP} 2005, 11th
               International Conference, {CP} 2005, Sitges, Spain, October 1-5, 2005,
               Proceedings},
  pages     = {827--831},
  year      = {2005}
}


% Structure: tree-width, backdoors
@article{Gaspers:2012:TreeWidth,
  author    = {Serge Gaspers and
               Stefan Szeider},
  title     = {Strong Backdoors to Bounded Treewidth {SAT}},
  journal   = {CoRR},
  volume    = {abs/1204.6233},
  year      = {2012}
}

@inproceedings{Gaspers:2012:Backdoors,
  author    = {Serge Gaspers and
               Stefan Szeider},
  title     = {Backdoors to Satisfaction},
  booktitle = {The Multivariate Algorithmic Revolution and Beyond - Essays Dedicated
               to Michael R. Fellows on the Occasion of His 60th Birthday},
  pages     = {287--317},
  year      = {2012}
}

@inproceedings{Williams:2003:Backdoors,
  author    = {Ryan Williams and
               Carla P. Gomes and
               Bart Selman},
  title     = {Backdoors To Typical Case Complexity},
  booktitle = {IJCAI-03, Proceedings of the Eighteenth International Joint Conference
               on Artificial Intelligence, Acapulco, Mexico, August 9-15, 2003},
  pages     = {1173--1178},
  year      = {2003}
}


% STRUCTURE: Recognition
@inproceedings{Brayton:2010:ABC,
 author     = {Brayton, Robert and Mishchenko, Alan},
 title      = {{ABC}: An Academic Industrial-strength Verification Tool},
 booktitle  = {Proceedings of the 22Nd International Conference on Computer Aided Verification},
 series     = {CAV'10},
 year       = {2010},
 pages      = {24--40}
}

@inproceedings{FuMalik:2007:CircuitExtraction,
  author    = {Zhaohui Fu and
               Sharad Malik},
  title     = {Extracting Logic Circuit Structure from Conjunctive Normal Form Descriptions},
  booktitle = {20th International Conference on {VLSI} Design {(VLSI} Design 2007),
               Sixth International Conference on Embedded Systems {(ICES} 2007),
               6-10 January 2007, Bangalore, India},
  pages     = {37--42},
  year      = {2007}
}

@inproceedings{FuMalik:2005:DontCares,
  author    = {Zhaohui Fu and
               Yinlei Yu and
               Sharad Malik},
  title     = {Considering Circuit Observability Don't Cares in {CNF} Satisfiability},
  booktitle = {2005 Design, Automation and Test in Europe Conference and Exposition
               {(DATE} 2005), 7-11 March 2005, Munich, Germany},
  pages     = {1108--1113},
  year      = {2005}
}

% application in restricted branching
@article{Matti:2008:StructuralBranching,
  author    = {Matti J{\"{a}}rvisalo and Ilkka Niemel{\"{a}}},
  title     = {The effect of structural branching on the efficiency of clause learning
               {SAT} solving: An experimental study},
  journal   = {J. Algorithms},
  volume    = {63},
  number    = {1-3},
  pages     = {90--113},
  year      = {2008}
}


@inproceedings{Ostrowski:2002:GatePatterns,
  author    = {Richard Ostrowski and
               {\'{E}}ric Gr{\'{e}}goire and
               Bertrand Mazure and
               Lakhdar Sais},
  title     = {Recovering and Exploiting Structural Knowledge from {CNF} Formulas},
  booktitle = {Principles and Practice of Constraint Programming - {CP} 2002, 8th
               International Conference, {CP} 2002, Ithaca, NY, USA, September 9-13,
               2002, Proceedings},
  pages     = {185--199},
  year      = {2002}
} 

@inproceedings{Roy:2004:RestoringCS,
  author    = {Jarrod A. Roy and Igor L. Markov and Valeria Bertacco},
  title     = {Restoring Circuit Structure from SAT Instances},
  booktitle = {Proceedings of international workshop on Logic and synthesis},
  pages     = {663-678},
  year      = {2004}
}

@inproceedings{Biere:2014:CardinalityDetection,
  author    = {Armin Biere and
               Le Berre, Daniel and
               Emmanuel Lonca and
               Norbert Manthey},
  title     = {Detecting Cardinality Constraints in {CNF}},
  booktitle = {Theory and Applications of Satisfiability Testing - {SAT} 2014 - 17th
               International Conference, Held as Part of the Vienna Summer of Logic,
               {VSL} 2014, Vienna, Austria, July 14-17, 2014. Proceedings},
  editor    = {Carsten Sinz and
               Uwe Egly},
  pages     = {285--301},
  year      = {2014}
}

@inproceedings{Dixon:2002:CP,
  author = {Dixon, Heidi E. and Ginsberg, Matthew L.},
  title = {Inference Methods for a Pseudo-boolean Satisfiability Solver},
  booktitle = {Eighteenth National Conference on Artificial Intelligence},
  year = {2002},
  pages = {635--640}
} 

@article{Chai:2005:PB,
  author    = {Donald Chai and
               Andreas Kuehlmann},
  title     = {A fast pseudo-Boolean constraint solver},
  journal   = {{IEEE} Trans. on {CAD} of Integrated Circuits and Systems},
  volume    = {24},
  number    = {3},
  pages     = {305--317},
  year      = {2005}
}

@inproceedings{Walsh:2000:SATvCSP,
  author    = {Toby Walsh},
  title     = {{SAT} v {CSP}},
  booktitle = {Principles and Practice of Constraint Programming - {CP} 2000, 6th
               International Conference, Singapore, September 18-21, 2000, Proceedings},
  pages     = {441--456},
  year      = {2000}
}

@article{Sinz:2007:Vis,
  author    = {Carsten Sinz},
  title     = {Visualizing {SAT} Instances and Runs of the {DPLL} Algorithm},
  journal   = {J. Autom. Reasoning},
  volume    = {39},
  number    = {2},
  pages     = {219--243},
  year      = {2007}
} 

@article{Simon:2019:CommunityStructure,
  author    = {Carlos Ans{\'{o}}tegui and
               Maria Luisa Bonet and
               Jes{\'{u}}s Gir{\'{a}}ldez{-}Cru and
               Jordi Levy and
               Laurent Simon},
  title     = {Community Structure in Industrial {SAT} Instances},
  journal   = {J. Artif. Intell. Res.},
  volume    = {66},
  pages     = {443--472},
  year      = {2019}
}


% Structure: Diverse
@inproceedings{Ganesh:2018:Merges,
  author    = {Edward Zulkoski and
               Ruben Martins and
               Christoph M. Wintersteiger and
               Jia Hui Liang and
               Krzysztof Czarnecki and
               Vijay Ganesh},
  title     = {The Effect of Structural Measures and Merges on {SAT} Solver Performance},
  booktitle = {Principles and Practice of Constraint Programming - 24th International
               Conference, {CP} 2018, Lille, France, August 27-31, 2018, Proceedings},
  pages     = {436--452},
  year      = {2018}
}

@inproceedings{Elffers:2018:Heuristics,
  author    = {Jan Elffers and
               Jes{\'{u}}s Gir{\'{a}}ldez{-}Cru and
               Stephan Gocht and
               Jakob Nordstr{\"{o}}m and
               Laurent Simon},
  title     = {Seeking Practical {CDCL} Insights from Theoretical {SAT} Benchmarks},
  booktitle = {Proceedings of the Twenty-Seventh International Joint Conference on
               Artificial Intelligence, {IJCAI} 2018, July 13-19, 2018, Stockholm,
               Sweden},
  pages     = {1300--1308},
  year      = {2018}
}

@article{Jarvisalo:2009:IRB,
  author    = {Matti J{\"{a}}rvisalo and Tommi A. Junttila},
  title     = {Limitations of restricted branching in clause learning},
  journal   = {Constraints},
  volume    = {14},
  number    = {3},
  pages     = {325--356},
  year      = {2009}
}


@article{Dixon:2004:AC1,
  author    = {Heidi E. Dixon and
               Matthew L. Ginsberg and
               Andrew J. Parkes},
  title     = {Generalizing Boolean Satisfiability {I:} Background and Survey of
               Existing Work},
  journal   = {J. Artif. Intell. Res.},
  volume    = {21},
  pages     = {193--243},
  year      = {2004}
}

@article{Dixon:2004:AC2,
  author    = {Heidi E. Dixon and
               Matthew L. Ginsberg and
               Eugene M. Luks and
               Andrew J. Parkes},
  title     = {Generalizing Boolean Satisfiability {II:} Theory},
  journal   = {J. Artif. Intell. Res.},
  volume    = {22},
  pages     = {481--534},
  year      = {2004}
}

@article{Dixon:2005:AC3,
  author    = {Heidi E. Dixon and
               Matthew L. Ginsberg and
               David K. Hofer and
               Eugene M. Luks and
               Andrew J. Parkes},
  title     = {Generalizing Boolean Satisfiability {III:} Implementation},
  journal   = {J. Artif. Intell. Res.},
  volume    = {23},
  pages     = {441--531},
  year      = {2005}
}


@inproceedings{Bjesse:2003:TreeDecomposition,
  author    = {Per Bjesse and
               James H. Kukula and
               Robert F. Damiano and
               Ted Stanion and
               Yunshan Zhu},
  title     = {Guiding {SAT} Diagnosis with Tree Decompositions},
  booktitle = {Theory and Applications of Satisfiability Testing, 6th International
               Conference, {SAT} 2003. Santa Margherita Ligure, Italy, May 5-8, 2003
               Selected Revised Papers},
  pages     = {315--329},
  year      = {2003}
}

@inproceedings{Ansotegui:2012:CommunityStructure,
  author    = {Carlos Ans{\'{o}}tegui and
               Jes{\'{u}}s Gir{\'{a}}ldez{-}Cru and
               Jordi Levy},
  title     = {The Community Structure of {SAT} Formulas},
  booktitle = {Theory and Applications of Satisfiability Testing - {SAT} 2012 - 15th
               International Conference, Trento, Italy, June 17-20, 2012. Proceedings},
  pages     = {410--423},
  year      = {2012}
} 

@article{Aloul:2003:Symmetry,
  author    = {Fadi A. Aloul and
               Arathi Ramani and
               Igor L. Markov and
               Karem A. Sakallah},
  title     = {Solving difficult instances of Boolean satisfiability in the presence
               of symmetry},
  journal   = {{IEEE} Trans. on {CAD} of Integrated Circuits and Systems},
  volume    = {22},
  number    = {9},
  pages     = {1117--1137},
  year      = {2003}
}

@inproceedings{Thiffault:2004:NonClausalFormulas,
  author    = {Christian Thiffault and
               Fahiem Bacchus and
               Toby Walsh},
  title     = {Solving Non-clausal Formulas with {DPLL} Search},
  booktitle = {Principles and Practice of Constraint Programming - {CP} 2004, 10th
               International Conference, {CP} 2004, Toronto, Canada, September 27
               - October 1, 2004, Proceedings},
  pages     = {663--678},
  year      = {2004}
} 


% Structure: Blocked Sets
@inproceedings{Balyo:2014:BCD,
  author    = {Tom{\'{a}}{\v{s}} Balyo and
               Andreas Fr{\"{o}}hlich and
               Marijn Heule and
               Armin Biere},
  title     = {Everything You Always Wanted to Know about Blocked Sets (But Were
               Afraid to Ask)},
  booktitle = {Theory and Applications of Satisfiability Testing - {SAT} 2014 - 17th
               International Conference, Held as Part of the Vienna Summer of Logic,
               {VSL} 2014, Vienna, Austria, July 14-17, 2014. Proceedings},
  pages     = {317--332},
  editor    = {Carsten Sinz and
               Uwe Egly},
  series    = {Lecture Notes in Computer Science},
  volume    = {8561},
  publisher = {Springer},
  year      = {2014}
}

@inproceedings{Heule:2013:BCD,
  author    = {Marijn Heule and
               Armin Biere},
  title     = {Blocked Clause Decomposition},
  booktitle = {Logic for Programming, Artificial Intelligence, and Reasoning - 19th
               International Conference, LPAR-19, Stellenbosch, South Africa, December
               14-19, 2013. Proceedings},
  pages     = {423--438},
  year      = {2013}
}

@article{Kullmann:1999:ER,
  author    = {Oliver Kullmann},
  title     = {On a Generalization of Extended Resolution},
  journal   = {Discrete Applied Mathematics},
  volume    = {96-97},
  pages     = {149--176},
  year      = {1999}
}

@inproceedings{Abio:2013:EncodeOrPropagate,
  author    = {Ignasi Ab{\'{\i}}o and
               Robert Nieuwenhuis and
               Albert Oliveras and
               Enric Rodr{\'{\i}}guez{-}Carbonell and
               Peter J. Stuckey},
  editor    = {Christian Schulte},
  title     = {To Encode or to Propagate? The Best Choice for Each Constraint in {SAT}},
  booktitle = {Principles and Practice of Constraint Programming - 19th International
               Conference, {CP} 2013, Uppsala, Sweden, September 16-20, 2013. Proceedings},
  series    = {Lecture Notes in Computer Science},
  volume    = {8124},
  pages     = {97--106},
  year      = {2013}
}

% REFERENCES: Applications

@inproceedings{Alves:2013:RCPSP,
  author    = {Rui Alves and
               Filipe Pereira Alvelos and
               S{\'{e}}rgio Dinis T. Sousa},
  title     = {Resource Constrained Project Scheduling with General Precedence Relations
               Optimized with {SAT}},
  booktitle = {Progress in Artificial Intelligence - 16th Portuguese Conference on
               Artificial Intelligence, {EPIA} 2013, Angra do Hero{\'{i}}smo,
               Azores, Portugal, September 9-12, 2013. Proceedings},
  pages     = {199--210},
  year      = {2013}
}

@article{Horbach:2010:RCPSP,
  author    = {Andrei Horbach},
  title     = {A Boolean satisfiability approach to the resource-constrained project
               scheduling problem},
  journal   = {Annals {OR}},
  volume    = {181},
  number    = {1},
  pages     = {89--107},
  year      = {2010}
}

@inproceedings{Lynce:2006:Bioinformatics,
  author    = {In{\^{e}}s Lynce and
               Jo{\~{a}}o Marques{-}Silva},
  title     = {{SAT} in Bioinformatics: Making the Case with Haplotype Inference},
  booktitle = {Theory and Applications of Satisfiability Testing - {SAT} 2006, 9th
               International Conference, Seattle, WA, USA, August 12-15, 2006, Proceedings},
  pages     = {136--141},
  year      = {2006}
}

@inproceedings{Silva:2000:EDA,
  author    = {Jo{\~{a}}o P. Marques Silva and
               Karem A. Sakallah},
  title     = {Boolean satisfiability in electronic design automation},
  booktitle = {Proceedings of the 37th Conference on Design Automation, Los Angeles,
               CA, USA, June 5-9, 2000},
  pages     = {675--680},
  year      = {2000}
}

@inproceedings{Mihal:2013:Placement,
  author    = {Andrew Mihal and
               Steve Teig},
  title     = {A Constraint Satisfaction Approach for Programmable Logic Detailed
               Placement},
  booktitle = {Theory and Applications of Satisfiability Testing - {SAT} 2013 - 16th
               International Conference, Helsinki, Finland, July 8-12, 2013. Proceedings},
  pages     = {208--223},
  year      = {2013}
}

@inproceedings{Rintanen:2012:Planning,
  author    = {Jussi Rintanen},
  title     = {Engineering Efficient Planners with {SAT}},
  booktitle = {{ECAI} 2012 - 20th European Conference on Artificial Intelligence.
               Including Prestigious Applications of Artificial Intelligence {(PAIS-2012)}
               System Demonstrations Track, Montpellier, France, August 27-31 , 2012},
  pages     = {684--689},
  year      = {2012}
}

@article{Biere:2003:BMC,
  author    = {Armin Biere and
               Alessandro Cimatti and
               Edmund M. Clarke and
               Ofer Strichman and
               Yunshan Zhu},
  title     = {Bounded model checking},
  journal   = {Advances in Computers},
  volume    = {58},
  pages     = {117--148},
  year      = {2003}
}

@inproceedings{Biere:1999:HBMC,
  author    = {Armin Biere and
               Edmund M. Clarke and
               Richard Raimi and
               Yunshan Zhu},
  title     = {Verifiying Safety Properties of a Power {PC} Microprocessor Using
               Symbolic Model Checking without BDDs},
  booktitle = {Computer Aided Verification, 11th International Conference, {CAV}
               '99, Trento, Italy, July 6-10, 1999, Proceedings},
  pages     = {60--71},
  year      = {1999}
}

@inproceedings{Falke:2013:BMC,
  author    = {Stephan Falke and
               Florian Merz and
               Carsten Sinz},
  title     = {{LLBMC:} Improved Bounded Model Checking of {C} Programs Using {LLVM}
               - (Competition Contribution)},
  booktitle = {Tools and Algorithms for the Construction and Analysis of Systems
               - 19th International Conference, {TACAS} 2013, Held as Part of the
               European Joint Conferences on Theory and Practice of Software, {ETAPS}
               2013, Rome, Italy, March 16-24, 2013. Proceedings},
  pages     = {623--626},
  year      = {2013},
  editor    = {Nir Piterman and
               Scott A. Smolka},
  series    = {Lecture Notes in Computer Science},
  volume    = {7795},
  publisher = {Springer},
}

@inproceedings{hwmcc12Bench,
  title     = {Equivalence checking of {HWMCC} 2012 Circuits},
  booktitle = {Proceedings of SAT Competition 2013: Solver and Benchmark Descriptions. 
             Department of Computer Science Series of Publications, vol. B-2013-1, 
             University of Helsinki, Helsinki},
  author    = {A. Biere and M. Heule and M. J\"arvisalo and N. Manthey},
  pages     = {104},
  year      = {2013}
}

% Model Checking
@inproceedings{Biere:1999:SMC,
  author    = {Armin Biere and
               Alessandro Cimatti and
               Edmund M. Clarke and
               Yunshan Zhu},
  title     = {Symbolic Model Checking without {BDD}s},
  booktitle = {Tools and Algorithms for Construction and Analysis of Systems, 5th
               International Conference, {TACAS} '99, Held as Part of the European
               Joint Conferences on the Theory and Practice of Software, ETAPS'99,
               Amsterdam, The Netherlands, March 22-28, 1999, Proceedings},
  pages     = {193--207},
  year      = {1999},
  editor    = {Rance Cleaveland},
  series    = {Lecture Notes in Computer Science},
  volume    = {1579},
  publisher = {Springer},
}

% Incremental & SAT Applications
@inproceedings{Bradley:2011:IncrementalBMC,
  author    = {Aaron R. Bradley},
  title     = {{SAT}-Based Model Checking without Unrolling},
  booktitle = {Verification, Model Checking, and Abstract Interpretation - 12th International
               Conference, {VMCAI} 2011, Austin, TX, USA, January 23-25, 2011. Proceedings},
  pages     = {70--87},
  year      = {2011},
  editor    = {Ranjit Jhala and
               David A. Schmidt},
  series    = {Lecture Notes in Computer Science},
  volume    = {6538},
  publisher = {Springer},
  year      = {2011},

}

@article{Niklas:2003:Incremental,
  author    = {Niklas E{\'{e}}n and
               Niklas S{\"{o}}rensson},
  title     = {Temporal induction by incremental {SAT} solving},
  journal   = {Electronic Notes Theoretical Computer Science},
  volume    = {89},
  number    = {4},
  pages     = {543--560},
  year      = {2003}
}

@article{Kupferschmid:2011:Incremental,
  author    = {Stefan Kupferschmid and
               Matthew D. T. Lewis and
               Tobias Schubert and
               Bernd Becker},
  title     = {Incremental preprocessing methods for use in {BMC}},
  journal   = {Formal Methods in System Design},
  volume    = {39},
  number    = {2},
  pages     = {185--204},
  year      = {2011}
}

@inproceedings{Gocht:2017:PlanningIncremental,
  author    = {Stephan Gocht and
               Tom{\'{a}}s Balyo},
  title     = {Accelerating {SAT} Based Planning with Incremental {SAT} Solving},
  booktitle = {Proceedings of the Twenty-Seventh International Conference on Automated
               Planning and Scheduling, {ICAPS} 2017, Pittsburgh, Pennsylvania, USA,
               June 18-23, 2017},
  pages     = {135--139},
  year      = {2017}
}

@article{Martins:2014:MaxSATIncremental,
  author    = {Ruben Martins and
               Saurabh Joshi and
               Vasco M. Manquinho and
               In{\^{e}}s Lynce},
  title     = {On Using Incremental Encodings in Unsatisfiability-based MaxSAT Solving},
  journal   = {{JSAT}},
  volume    = {9},
  pages     = {59--81},
  year      = {2014},
  url       = {https://satassociation.org/jsat/index.php/jsat/article/view/126}
}

@inproceedings{Nadel:2010:UnsatCoreIncremental,
  author    = {Alexander Nadel},
  title     = {Boosting minimal unsatisfiable core extraction},
  booktitle = {Proceedings of 10th International Conference on Formal Methods in
               Computer-Aided Design, {FMCAD} 2010, Lugano, Switzerland, October
               20-23},
  pages     = {221--229},
  year      = {2010}
}

@article{Sebastiani:2007:SMT,
  author    = {Roberto Sebastiani},
  title     = {Lazy Satisability Modulo Theories},
  journal   = {{JSAT}},
  volume    = {3},
  number    = {3-4},
  pages     = {141--224},
  year      = {2007},
  url       = {https://satassociation.org/jsat/index.php/jsat/article/view/39}
}

% REFERENCES: Intermediate Encodings
% Compact Boolean Circuits, CBCs (Kodkod, Alloy)
@inproceedings{Torlak:2007:Kodkod,
  author    = {Emina Torlak and
               Daniel Jackson},
  title     = {Kodkod: {A} Relational Model Finder},
  booktitle = {Tools and Algorithms for the Construction and Analysis of Systems,
               13th International Conference, {TACAS} 2007, Held as Part of the Joint
               European Conferences on Theory and Practice of Software, {ETAPS} 2007
               Braga, Portugal, March 24 - April 1, 2007, Proceedings},
  pages     = {632--647},
  year      = {2007}
}

% Boolean Expression Diagrams, BEDs (for use with BDD-based model-checkers)
@article{Andersen:2002:BED,
  author    = {Henrik Reif Andersen and Henrik Hulgaard},
  title     = {Boolean Expression Diagrams},
  journal   = {Inf. Comput.},
  volume    = {179},
  number    = {2},
  pages     = {194--212},
  year      = {2002}
}

@book{McMillan:1992:SMC,
  author    = {Kenneth L. McMillan},
  title     = {Symbolic model checking},
  year      = {1993},
  publisher = {Kluwer Academic Publishers},
  address   = {Norwell, MA, USA}
}

@article{Bryant:1986:BDD,
  author    = {Randal E. Bryant},
  title     = {Graph-Based Algorithms for Boolean Function Manipulation},
  journal   = {{IEEE} Trans. Computers},
  volume    = {35},
  number    = {8},
  pages     = {677--691},
  year      = {1986}
}

% Reduced Boolean Circuits, RBCs
@inproceedings{Abdulla:2001:RBC,
  author    = {Parosh Aziz Abdulla and
               Per Bjesse and
               Niklas E{\'{e}}n},
  title     = {Symbolic Reachability Analysis Based on SAT-Solvers},
  booktitle = {Tools and Algorithms for Construction and Analysis of Systems, 6th
               International Conference, {TACAS} 2000, Held as Part of the European
               Joint Conferences on the Theory and Practice of Software, {ETAPS}
               2000, Berlin, Germany, March 25 - April 2, 2000, Proceedings},
  pages     = {411--425},
  year      = {2000}
}

% And-Inverter Graphs, AIGs (for SAT-based BMC)
@inproceedings{Brummayer:2006:AIG,
  author    = {Robert Brummayer and Armin Biere},
  title     = {Local two-level And-Inverter Graph minimization without blowup},
  booktitle = {Proceedings of the 2nd Doctoral Workshop on Mathematical and Engineering Methods in Computer Science, {MEMICS 2006}},
  year      = {2006}
}

@article{Kuehlmann:2002:AIG,
  author    = {Andreas Kuehlmann and
               Viresh Paruthi and
               Florian Krohm and
               Malay K. Ganai},
  title     = {Robust Boolean reasoning for equivalence checking and functional property
               verification},
  journal   = {{IEEE} Trans. on {CAD} of Integrated Circuits and Systems},
  volume    = {21},
  number    = {12},
  pages     = {1377--1394},
  year      = {2002}
}


@book{molnar:2020:xai,
  author    = {Christoph Molnar},
  title     = {Interpretable Machine Learning - A Guide for Making Black Box Models Explainable.},
  year      = {2020}, 
  url       = {https://christophm.github.io/interpretable-ml-book/}
}

@article{XAI:2019,
  author    = {Alejandro Barredo Arrieta and
               Natalia D{\'{\i}}az Rodr{\'{\i}}guez and
               Javier Del Ser and
               Adrien Bennetot and
               Siham Tabik and
               Alberto Barbado and
               Salvador Garc{\'{\i}}a and
               Sergio Gil{-}Lopez and
               Daniel Molina and
               Richard Benjamins and
               Raja Chatila and
               Francisco Herrera},
  title     = {Explainable Artificial Intelligence {(XAI):} Concepts, Taxonomies,
               Opportunities and Challenges toward Responsible {AI}},
  journal   = {CoRR},
  volume    = {abs/1910.10045},
  year      = {2019},
  url       = {http://arxiv.org/abs/1910.10045}
}

@article{Lucic:2019:XBoosting,
  author    = {Ana Lucic and
               Hinda Haned and
               Maarten de Rijke},
  title     = {Explaining Predictions from Tree-based Boosting Ensembles},
  journal   = {CoRR},
  volume    = {abs/1907.02582},
  year      = {2019},
  url       = {http://arxiv.org/abs/1907.02582}
}
% REFERENCES: Self 

@phdthesis{Iser:2020:Dissertation,
  author    = {Markus Iser},
  title     = {Recognition and Exploitation of Gate Structure in {SAT} Solving},
  school    = {Karlsruhe Institute of Technology, Germany},
  year      = {2020},
  url       = {https://nbn-resolving.org/urn:nbn:de:101:1-2020042904595660732648},
  keywords  = {self,proposal}
}

@inproceedings{Iser:2019:ParallelCandy,
  author    = {Markus Iser and
               Tom{\'{a}}{\v{s}} Balyo and
               Carsten Sinz},
  title     = {Memory Efficient Parallel {SAT} Solving with Inprocessing},
  booktitle = {31st {IEEE} International Conference on Tools with Artificial Intelligence,
               {ICTAI} 2019, Portland, OR, USA, November 4-6, 2019},
  year      = {2019},
  keywords  = {self,proposal}
}

@inproceedings{Iser:2019:ASSUME, 
  author    = {Matthias Kern and
               Ferhat Erata and
               Markus Iser and
               Carsten Sinz and
               Fr{\'{e}}d{\'{e}}ric Loiret and
               Stefan Otten and
               Eric Sax},
  title     = {Integrating Static Code Analysis Toolchains},
  booktitle = {43rd {IEEE} Annual Computer Software and Applications Conference,
               {COMPSAC} 2019, Milwaukee, WI, USA, July 15-19, 2019, Volume 1},
  pages     = {523--528},
  year      = {2019},
  keywords  = {self}
}

@inproceedings{Iser:2018:GBD,
  author    = {Markus Iser and
               Carsten Sinz},
  title     = {A Problem Meta-Data Library for Research in {SAT}},
  editor    = {Le Berre, Daniel and
               Matti J{\"{a}}rvisalo},
  booktitle     = {Proceedings of Pragmatics of {SAT} 2015, Austin, Texas, USA, September
               23, 2015 / Pragmatics of {SAT} 2018, Oxford, UK, July 7, 2018},
  series    = {EPiC Series in Computing},
  volume    = {59},
  publisher = {EasyChair},
  year      = {2019},
  pages     = {144--152},
}

@inproceedings{Iser:2017:RandomSimulation,
  author    = {Markus Iser and
               Felix Kutzner and
               Carsten Sinz},
  title     = {Using Gate Recognition and Random Simulation for Under-Approximation
               and Optimized Branching in {SAT} Solvers},
  booktitle = {29th {IEEE} International Conference on Tools with Artificial Intelligence,
               {ICTAI} 2017, Boston, MA, USA, November 6-8, 2017},
  pages     = {1029--1036},
  year      = {2017},
  keywords  = {self,proposal}
}

@misc{CandyGithub,
  title     = {Candy},
  publisher = {Public GIT Repository},
  url       = {https://github.com/Udopia/candy-kingdom},
  keywords  = {self}
}

@misc{PyPI-GBD,
  title     = {{GBD} {B}enchmark {D}atabase {T}ools},
  author    = {Markus Iser and Luca Springer},
  url       = {https://pypi.org/project/gbd-tools/},
  keywords  = {self, proposal2}
}

@misc{GBDGithub,
  title     = {{GBD}},
  publisher = {Public GIT Repository},
  author    = {Markus Iser and Luca Springer}, 
  url       = {https://github.com/Udopia/gbd},
  keywords  = {self}
}

@misc{GBDServer,
  title     = {{GBD} Server},
  author    = {Markus Iser and Carsten Sinz and Luca Springer and Martin Heil}, 
  url       = {https://gbd.iti.kit.edu},
  keywords  = {self}
}

@misc{CandySonification,
  author    = {Markus Iser and Jennifer McClelland},
  title     = {{MiniSAT Sonification - Public Presentation (Video)}},
  year      = {2017},
  url       = {https://www.youtube.com/watch?v=iupgZGlzMCQ},
  keywords  = {self}
}

@article{Iser:2016:Journal,
  author    = {Tom{\'{a}}{\v{s}} Balyo and
               Armin Biere and
               Markus Iser and
               Carsten Sinz},
  title     = {{SAT} {R}ace 2015},
  journal   = {Artif. Intell.},
  volume    = {241},
  pages     = {45--65},
  year      = {2016},
  keywords  = {self,proposal}
}

@mastersthesis{Kutzner:2016:Thesis,
  author = {Felix Kutzner},
  title  = {Exploiting Gate-Structure to Direct {CDCL} Search via Variable Selection and Approximation},
  year   = {2016},
  school = {Karlsruhe Institute of Technology},
  type   = {Diplomarbeit}
} 

@inproceedings{Iser:2015:GateRecognition,
  author    = {Markus Iser and
               Norbert Manthey and
               Carsten Sinz},
  title     = {Recognition of Nested Gates in {CNF} Formulas},
  booktitle = {Theory and Applications of Satisfiability Testing - {SAT} 2015 - 18th
               International Conference, Austin, TX, USA, September 24-27, 2015,
               Proceedings},
  pages     = {255--271},
  year      = {2015},
  keywords  = {self,proposal}
}

@inproceedings{Iser:2013:Minimize,
  author    = {Markus Iser and
               Carsten Sinz and
               Mana Taghdiri},
  title     = {Minimizing Models for Tseitin-Encoded {SAT} Instances},
  booktitle = {Theory and Applications of Satisfiability Testing - {SAT} 2013 - 16th
               International Conference, Helsinki, Finland, July 8-12, 2013. Proceedings},
  pages     = {224--232},
  year      = {2013},
  keywords  = {self,proposal}
} 

@inproceedings{Iser:2012:VariableOrdering,
  author    = {Markus Iser and
               Mana Taghdiri and
               Carsten Sinz},
  title     = {Optimizing MiniSAT Variable Orderings for the Relational Model Finder
               Kodkod - (Poster Presentation)},
  booktitle = {Theory and Applications of Satisfiability Testing - {SAT} 2012 - 15th
               International Conference, Trento, Italy, June 17-20, 2012. Proceedings},
  pages     = {483--484},
  year      = {2012},
  keywords  = {self,proposal}
}

@mastersthesis{Iser:2012:Thesis,
  author    = {Markus Iser},
  title     = {Optimizing MiniSAT Variable Orderings for the Relational Model Finder Kodkod},
  year      = {2012},
  school    = {Karlsruhe Institute of Technology},
  type      = {Diplomarbeit},
  keywords  = {self}
} 

@inproceedings{Sinz:2009:Restarts,
  author    = {Carsten Sinz and
               Markus Iser},
  title     = {Problem-Sensitive Restart Heuristics for the {DPLL} Procedure},
  booktitle = {Theory and Applications of Satisfiability Testing - {SAT} 2009, 12th
               International Conference, {SAT} 2009, Swansea, UK, June 30 - July
               3, 2009. Proceedings},
  pages     = {356--362},
  year      = {2009},
  keywords  = {self,proposal}
}


% REFERENCES: Misc

@book{Baader:1998:TermRewriting,
  author = {Baader, Franz and Nipkow, Tobias},
  title = {Term Rewriting and All That},
  year = {1998},
  publisher = {Cambridge University Press}
}

@inproceedings{Silva:2007:Cardinality,
  author    = {Jo{\~{a}}o P. Marques Silva and In{\^{e}}s Lynce},
  title     = {Towards Robust {CNF} Encodings of Cardinality Constraints},
  booktitle = {Principles and Practice of Constraint Programming - {CP} 2007, 13th
               International Conference, {CP} 2007, Providence, RI, USA, September
               23-27, 2007, Proceedings},
  series    = {Lecture Notes in Computer Science},
  volume    = {4741},
  pages     = {483--497},
  year      = {2007}
}

@techreport{Biere:2007:AIG,
  author = {Armin Biere},
  title = {The {AIGER And-Inverter Graph (AIG)} Format Version 20071012},
  number = {Report 07/1},
  institution = {Institute for Formal Models and Verification, Johannes Kepler University},
  address = {Altenbergerstr. 69, 4040 Linz, Austria},
  year={2007}
}

@inproceedings{Biere:2018:Scrambling,
  author    = {Armin Biere and
               Marijn Heule},
  title     = {The Effect of Scrambling CNFs},
  editor    = {Le Berre, Daniel and
               Matti J{\"{a}}rvisalo},
  title     = {Proceedings of Pragmatics of {SAT} 2015, Austin, Texas, USA, September
               23, 2015 / Pragmatics of {SAT} 2018, Oxford, UK, July 7, 2018},
  series    = {EPiC Series in Computing},
  volume    = {59},
  publisher = {EasyChair},
  year      = {2019},
  pages     = {111--126},
}

@inproceedings{Wang:2009:GHash,
  author    = {Xiaohong Wang and
               Jun Huan and
               Aaron M. Smalter and
               Gerald H. Lushington},
  title     = {Application of Kernel Functions for Accurate Similarity Search in
               Large Chemical Databases},
  booktitle = {2009 {IEEE} International Conference on Bioinformatics and Biomedicine,
               {BIBM} 2009, Washington, DC, USA, November 1-4, 2009, Proceedings},
  pages     = {356--361},
  publisher = {{IEEE} Computer Society},
  year      = {2009}
}

@article{Kundu:2012:GraphHashing,
  author    = {Ashish Kundu and
               Elisa Bertino},
  title     = {On Hashing Graphs},
  journal   = {{IACR} Cryptology ePrint Archive},
  volume    = {2012},
  pages     = {352},
  year      = {2012},
  url       = {http://eprint.iacr.org/2012/352}
}

@article{Portegys:2015:GraphHashing,
  author    = {Tom Portegys},
  title     = {General Graph Identification By Hashing},
  journal   = {CoRR},
  volume    = {abs/1512.07263},
  year      = {2015},
  url       = {http://arxiv.org/abs/1512.07263}
}

@article{Babai:2015:GraphIsomorphism,
  author    = {L{\'{a}}szl{\'{o}} Babai},
  title     = {Graph Isomorphism in Quasipolynomial Time},
  journal   = {CoRR},
  volume    = {abs/1512.03547},
  year      = {2015},
  url       = {http://arxiv.org/abs/1512.03547}
}

@book{VanRossum:2009:Python3,
 author = {Van Rossum, Guido and Drake, Fred L.},
 title = {Python 3 Reference Manual},
 year = {2009},
 publisher = {CreateSpace},
 address = {Paramount, CA},
} 

@misc{PyPI,
 title = {The {P}ython {P}ackage {I}ndex},
 url = {https://pypi.org/}
}

@book{Allen:2010:SQLite,
 author = {Allen, Grant and Owens, Mike},
 title = {The Definitive Guide to SQLite},
 year = {2010},
 edition = {2nd},
 publisher = {Apress},
 address = {Berkely, CA, USA},
} 

@misc{ISO14977,
  abstract = {Defines a notation, Extended BNF, for specifying the syntax of a linear sequence of symbols. It defines both the logical structure of the notation and its graphical representation.},
  editor = {{International Organization for Standardization}},
  title = {{ISO/IEC} 14977:1996 Information Technology - Syntactic Metalanguage - {E}xtended {BNF}},
  year = {1996}
}

@misc{BitTorrent,
  title = {Incentives Build Robustness in BitTorrent},
  author = {Bram Cohen},
  year = {2003}
}

@incollection{Plaisted:2001:Rewriting,
  author    = {Nachum Dershowitz and
               David A. Plaisted},
  title     = {Rewriting},
  booktitle = {Handbook of Automated Reasoning (in 2 volumes)},
  pages     = {535--610},
  year      = {2001}
}

@book{Abramovici:1990:DigitalSystemsDesign,
  author    = {Miron Abramovici and Melvin A. Breuer and Arthur D. Friedman},
  title     = {Digital systems testing and testable design},
  publisher = {Computer Science Press},
  year      = {1990}
}

@book{Wegener:1987:CBF,
  author    = {Wegener, Ingo},
  title     = {The Complexity of Boolean Functions},
  year      = {1987},
  publisher = {John Wiley \& Sons, Inc.}
} 

@inproceedings{Cook:1971:Complexity,
  author    = {Stephen A. Cook},
  title     = {The Complexity of Theorem-Proving Procedures},
  booktitle = {Proceedings of the 3rd Annual {ACM} Symposium on Theory of Computing,
               May 3-5, 1971, Shaker Heights, Ohio, {USA}},
  pages     = {151--158},
  year      = {1971}
}

@inproceedings{Schaefer:1978:Complexity,
  author    = {Thomas J. Schaefer},
  title     = {The Complexity of Satisfiability Problems},
  booktitle = {Proceedings of the 10th Annual {ACM} Symposium on Theory of Computing,
               May 1-3, 1978, San Diego, California, {USA}},
  pages     = {216--226},
  year      = {1978}
}

@article{Haken:1985:Resolution,
  author    = {Armin Haken},
  title     = {The Intractability of Resolution},
  journal   = {Theor. Comput. Sci.},
  volume    = {39},
  pages     = {297--308},
  year      = {1985}
}

@book{Knuth:2015:ACP4-6,
  author    = {Knuth, Donald E.},
  title     = {The Art of Computer Programming, Volume 4, Fascicle 6: Satisfiability},
  year      = {2015}
} 

@article{Stone:1936:BooleanAlgebra,
  author    = {M. H. Stone},
  title     = {The Theory of Representation for Boolean Algebras},
  journal   = {Transactions of the American Mathematical Society},
  number    = {1},
  pages     = {37--111},
  publisher = {American Mathematical Society},
  volume    = {40},
  year      = {1936}
}

@misc{dimacs:1993:cnf,
  author    = {{DIMACS}},
  title     = {Satisfiability Suggested Format},
  year      = {1993}, 
  url       = {http://www.domagoj-babic.com/uploads/ResearchProjects/Spear/dimacs-cnf.pdf}
}

@misc{satcompetition, 
  title     = {{SAT Competition Website}},
  url       = {http://www.satcompetition.org/}
}

@inproceedings{Heule:2017:CNC,
  author    = {Marijn J. H. Heule and
               Oliver Kullmann and
               Victor W. Marek},
  title     = {Solving Very Hard Problems: Cube-and-Conquer, a Hybrid {SAT} Solving Method},
  booktitle = {Proceedings of the Twenty-Sixth International Joint Conference on
               Artificial Intelligence, {IJCAI} 2017, Melbourne, Australia, August 19-25, 2017},
  pages     = {4864--4868},
  year      = {2017}
}

@article{Simon:2001:SatEx,
  author    = {Laurent Simon and
               Philippe Chatalic},
  title     = {SatEx: {A} Web-based Framework for {SAT} Experimentation},
  journal   = {Electron. Notes Discret. Math.},
  volume    = {9},
  pages     = {129--149},
  year      = {2001}
}

@misc{IpasirGithub,
  title     = {Ipasir},
  publisher = {Public GIT Repository},
  url       = {https://github.com/biotomas/ipasir}
}

@misc{HordesatGithub,
  author    = {Tom{\'{a}}{\v{s}} Balyo},
  title     = {{HordeSAT - Public GIT Repository}},
  url       = {https://github.com/biotomas/hordesat}
}

@inproceedings{Balyo:2015:HordeSATs,
  author    = {Tom{\'a}{\v s} Balyo and
               Peter Sanders and
               Carsten Sinz},
  title     = {{HordeSat}: {A} Massively Parallel Portfolio {SAT} Solver},
  editor    = {Marijn Heule and
               Sean A. Weaver},
  booktitle     = {Theory and Applications of Satisfiability Testing - {SAT} 2015 - 18th
               International Conference, Austin, TX, USA, September 24-27, 2015,
               Proceedings},
  series    = {Lecture Notes in Computer Science},
  volume    = {9340},
  publisher = {Springer},
  pages     = {156--172},
  year      = {2015}
}

@report{Mishchenko:2017:Circuits, 
  author    = {Alan Mishchenko and Baruch Sterin and Robert Brayton}, 
  title     = {Structural Reverse Engineering of Arithmetic Circuits}, 
  publisher = {Department of EECS, UC Berkeley}, 
  year      = {2017}
}

@proceedings{SC2019,
  editor    = {Heule, Marijn J. H. and J\"arvisalo, Matti and Suda, Martin},
  title     = {Proceedings of SAT Competition 2019: Solver and Benchmark Descriptions},
  publisher = {Department of Computer Science, University of Helsinki},
  series = {Department of Computer Science Report Series B},
  volume = {B-2019-1},
  year      = {2019}
}

@proceedings{SC2018,
  editor    = {Heule, Marijn J. H. and J\"arvisalo, Matti and Suda, Martin},
  title     = {Proceedings of SAT Competition 2018: Solver and Benchmark Descriptions},
  publisher = {Department of Computer Science, University of Helsinki},
  series = {Department of Computer Science Report Series B},
  volume = {B-2018-1},
  year      = {2018}
}

@article{Wynn:2018:Cardinality,
  author    = {Ed Wynn},
  title     = {A comparison of encodings for cardinality constraints in a {SAT} solver},
  journal   = {CoRR},
  volume    = {abs/1810.12975},
  year      = {2018},
  url       = {http://arxiv.org/abs/1810.12975}
}

@proceedings{SC2017,
  editor    = {Balyo, Tomas and Heule, Marijn J.H. and J\"arvisalo, Matti},
  title     = {Proceedings of SAT Competition 2017: Solver and Benchmark Descriptions},
  publisher = {Department of Computer Science, University of Helsinki},
  series = {Department of Computer Science Report Series B},
  volume = {B-2017-1},
  year      = {2017}
}

@proceedings{SC2016,
  editor    = {Balyo, Tomas and Heule, Marijn J.H.},
  title     = {Proceedings of SAT Competition 2016: Solver and Benchmark Descriptions},
  publisher = {Department of Computer Science, University of Helsinki},
  series = {Department of Computer Science Report Series B},
  volume = {B-2016-1},
  year      = {2016}
}

@proceedings{SC2014,
  editor    = {Belov, Anton and Diepold, Daniel and Heule, Marijn J.H. and J\"arvisalo, Matti},
  title     = {Proceedings of SAT Competition 2014: Solver and Benchmark Descriptions},
  series = {Department of Computer Science Report Series B},
  volume = {B-2014-1},
  year      = {2014}
}

@proceedings{SC2013,
  editor    = {Balint, Adrian and Belov, Anton and Heule Marijn J.H. and J\"arvisalo, Matti},
  title     = {Proceedings of SAT Competition 2013: Solver and Benchmark Descriptions},
  series = {Department of Computer Science Report Series B},
  volume = {B-2013-1},
  year      = {2013}
}

@inproceedings{SC2013:Kovasznai,
  author    = {Gergely Kov\'asznai, Andreas Fr\"ohlich, Armin Biere},
  title     = {Quantifier-Free Bit-Vector Formulas with Binary Encoding: Benchmark Description},
  booktitle = {Proceedings of SAT Competition 2013: Solver and Benchmark Descriptions},
  pages     = {107-108}, 
  year      = {2013}
}

@proceedings{SC2012,
  editor    = {Balint, Adrian and Belov, Anton and Diepold, Daniel and Gerber, Simon and J\"arvisalo, Matti and Sinz, Carsten},
  title     = {Proceedings of SAT Competition 2012: Solver and Benchmark Descriptions},
  series = {Department of Computer Science Report Series B},
  volume = {B-2012-1},
  year      = {2012}
}

@inproceedings{SC2012:Gario,
  author    = {Gario, Marco},
  title     = {Horn backdoor detection via Vertex Cover: Benchmark Description},
  booktitle = {Proceedings of SAT Competition 2012: Solver and Benchmark Descriptions},
  crossref = SC2012,
  pages     = {77-78}, 
  year      = {2012}
}

@article{Hoos:2000:SatLib,
  author    = {Hoos, Holger and Stützle, Thomas},
  title     = {{SATLIB}: An Online Resource for Research on {SAT}},
  year      = {2000},
  editor =  {Gent, Ian P. and van Maaren, Hans and Walsh, Toby},
  pages     = {283-292},
  journal   = {SAT 2000},
  publisher = {IOS Press},
} 

@article{Hoos:2016:Aslib,
  author    = {Bernd Bischl and
               Pascal Kerschke and
               Lars Kotthoff and
               Marius Thomas Lindauer and
               Yuri Malitsky and
               Alexandre Fr{\'{e}}chette and
               Holger H. Hoos and
               Frank Hutter and
               Kevin Leyton{-}Brown and
               Kevin Tierney and
               Joaquin Vanschoren},
  title     = {{ASlib}: {A} Benchmark Library for Algorithm Selection},
  journal   = {Artificial Intelligence},
  volume    = {237},
  pages     = {41--58},
  year      = {2016}
}


%OSC
@inproceedings{Wright:2003:OSC,
  author    = {Matthew Wright and Adrian Freed and Ali Momeni},
  title     = {Open Sound Control: State of the Art 2003},
  booktitle = {New Interfaces for Musical Expression - {NIME} 2003 - 2nd International Conference, Montreal, Quebec, Canada},
  pages     = {153--159},
  year      = {2003}
}

@misc{Wright:2002:OSCSpec,
  author    = {Matthew Wright},
  title     = {Open Sound Control 1.0 Specification},
  url       = {http://opensoundcontrol.org/spec-1_0},
  year      = {2002}
}

@misc{OSCPackGithub,
  author    = {Ross Bencina},
  title     = {{OSCPack}},
  publisher = {Public GIT Repository},
  url       = {https://github.com/RossBencina/oscpack}
}

@book{SonificationHandbook,
  editor    = {Hermann, Thomas and Hunt, Andy and Neuhoff, John},
  title     = {The Sonification Handbook},
  year      = {2011},
  publisher = {Logos Publishing House},
}

@book{CSoundBook,
 editor     = {Boulanger, Richard},
 title      = {The Csound Book: Perspectives in Software Synthesis, Sound Design, Signal Processing, and Programming},
 year       = {2000},
 publisher  = {MIT Press},
 OPTaddress    = {Cambridge, MA, USA},
} 


% MISC: Philosphical
@book{Frege:FBB,
  author    = "Gottlob Frege",
  title     = {Funktion, Begriff, Bedeutung - F\"unf logische Studien},
  type      = {Herausgegeben und Eingeleitet von Günther Patzig},
  year      = {1962}
} 

@book{Frege:GDA,
  author    = "Gottlob Frege",
  title     = {Die Grundlagen der Arithmetik},
  type      = {Reclam Neuauflage},
  year      = {1987}
} 

@book{Quine:Logic,
  author    = "Willard Van Orman Quine",
  title     = {Grundz\"uge der Logik},
  type      = {Book},
  year      = {1974}
} 

% DPLL
@article{DP:1960, 
  author    = {Martin Davis and Hilary Putnam},
  title     = {A Computing Procedure for Quantification Theory},
  journal   = {Journal of the {ACM}},
  volume    = {7},
  number    = {3},
  pages     = {201--215},
  year      = {1960}
}

% CDCL
@inproceedings{MSS:1996:ClauseLearning,
  author    = {Jo{\~{a}}o P. Marques Silva and Karem A. Sakallah},
  title     = {{GRASP}---A New Search Algorithm for Satisfiability},
  booktitle = {Proceedings of the 1996 {IEEE/ACM} International Conference on Computer-Aided
               Design, {ICCAD} 1996, San Jose, CA, USA, November 10-14, 1996},
  pages     = {220--227},
  year      = {1996},
  publisher = {IEEE},
}

% Watched Literals, VSIDS
@inproceedings{Moskewicz:2001:Chaff,
  author    = {Matthew W. Moskewicz and Conor F. Madigan and
               Ying Zhao and Lintao Zhang and Sharad Malik},
  title     = {Chaff: Engineering an Efficient {SAT} Solver},
  booktitle = {Proceedings of the 38th Design Automation Conference, {DAC} 2001,
               Las Vegas, NV, USA, June 18-22, 2001},
  pages     = {530--535},
  year      = {2001},
  publisher = {ACM},
}

@inproceedings{GSK:1998:Restarts,
  author    = {Carla P. Gomes and Bart Selman and Henry A. Kautz},
  title     = {Boosting Combinatorial Search Through Randomization},
  booktitle = {Proceedings of the Fifteenth National Conference on Artificial Intelligence
               and Tenth Innovative Applications of Artificial Intelligence Conference,
               {AAAI} 98, {IAAI} 98, July 26-30, 1998, Madison, Wisconsin, {USA.}},
  pages     = {431--437},
  year      = {1998},
  publisher = {AAAI Press},

}

@inproceedings{BMS:2000:Restarts,
  author    = {Lu{\'{i}}s Baptista and Jo{\~{a}}o P. Marques Silva},
  title     = {Using Randomization and Learning to Solve Hard Real-World Instances of Satisfiability},
  booktitle = {Principles and Practice of Constraint Programming - {CP} 2000, 6th
               International Conference, Singapore, September 18-21, 2000, Proceedings},
  pages     = {489--494},
  year      = {2000},
  series    = {Lecture Notes in Computer Science},
  volume    = {1894},
  publisher = {Springer},
  editor    = {Rina Dechter},

}

@article{gomes:2000:heavy-tailed,
  author    = {Carla P. Gomes and Bart Selman and Nuno Crato and Henry A. Kautz},
  title     = {Heavy-Tailed Phenomena in Satisfiability and Constraint Satisfaction Problems},
  journal   = {Journal of Automated Reasoning},
  volume    = {24},
  number    = {1/2},
  pages     = {67--100},
  year      = {2000}
}

@inproceedings{GN:2002:ClauseDeletion,
  author    = {Evguenii I. Goldberg and Yakov Novikov},
  title     = {{BerkMin}: {A} Fast and Robust Sat-Solver},
  booktitle = {2002 Design, Automation and Test in Europe Conference and Exposition
               {(DATE} 2002), 4-8 March 2002, Paris, France},
  pages     = {142--149},
  year      = {2002},
  publisher = {IEEE},

}

% 2-watched literals (also visited: 1-UIP learning & branching)
@mastersthesis{Ryan:2004:Thesis,
  author    = {Lawrence Ryan},
  title     = {Efficient algorithms for clause-learning {SAT} solvers},
  year      = {2004},
  school    = {Simon Fraser University},
  type      = {Master's thesis}
}

@inproceedings{LSB:2005:UP,
  author    = {Matthew D. T. Lewis and Tobias Schubert and Bernd Becker},
  title     = {Speedup Techniques Utilized in Modern {SAT} Solvers},
  booktitle = {Theory and Applications of Satisfiability Testing, 8th International
               Conference, {SAT} 2005, St. Andrews, UK, June 19-23, 2005, Proceedings},
  pages     = {437--443},
  year      = {2005}
}

% Heuristics
@inproceedings{Silva:1999:Heuristics,
  author    = {Jo{\~{a}}o P. Marques Silva},
  title     = {The Impact of Branching Heuristics in Propositional Satisfiability
               Algorithms},
  booktitle = {Progress in Artificial Intelligence, 9th Portuguese Conference on
               Artificial Intelligence, {EPIA} '99, {\'{E}}vora, Portugal, September
               21-24, 1999, Proceedings},
  pages     = {62--74},
  year      = {1999}
}

@article{Silva:2003:CircuitSAT,
  author    = {Jo{\~{a}}o P. Marques Silva and
               Lu{\'{i}}s Guerra e Silva},
  title     = {Solving Satisfiability in Combinational Circuits},
  journal   = {{IEEE} Design {\&} Test of Computers},
  volume    = {20},
  number    = {4},
  pages     = {16--21},
  year      = {2003}
}

@inproceedings{Lynce:2004:StructureRandom,
  author    = {In{\^{e}}s Lynce and
               Jo{\~{a}}o P. Marques Silva},
  title     = {Hidden Structure in Unsatisfiable Random 3-SAT: An Empirical Study},
  booktitle = {16th {IEEE} International Conference on Tools with Artificial Intelligence
               {(ICTAI} 2004), 15-17 November 2004, Boca Raton, FL, {USA}},
  pages     = {246--251},
  year      = {2004}
}


% Minisat
@inproceedings{Niklas:2003:Minisat,
  author    = {Niklas E{\'{e}}n and Niklas S{\"{o}}rensson},
  title     = {An Extensible SAT-solver},
  editor    = {Enrico Giunchiglia and
               Armando Tacchella},
  booktitle = {Theory and Applications of Satisfiability Testing, 6th International
               Conference, {SAT} 2003. Santa Margherita Ligure, Italy, May 5-8, 2003
               Selected Revised Papers},
  pages     = {502--518},
  series    = {Lecture Notes in Computer Science},
  volume    = {2919},
  publisher = {Springer},
  year      = {2004},
}

% Glucose, Literal Block Distance (LBD)
@inproceedings{Audemard:2009:Glucose,
  author    = {Gilles Audemard and Laurent Simon},
  title     = {Predicting Learnt Clauses Quality in Modern {SAT} Solvers},
  editor    = {Craig Boutilier},
  booktitle = {{IJCAI} 2009, Proceedings of the 21st International Joint Conference
               on Artificial Intelligence, Pasadena, California, USA, July 11-17, 2009},
  pages     = {399--404},
  year      = {2009}
} 

@article{Audemard:2018:Glucose,
  author    = {Gilles Audemard and
               Laurent Simon},
  title     = {On the Glucose {SAT} Solver},
  journal   = {International Journal on Artificial Intelligence Tools},
  volume    = {27},
  number    = {1},
  pages     = {1--25},
  year      = {2018}
}

% CDCL: Incremental 
@article{Hooker:1993:Incremental,
  author    = {J.N.Hooker},
  title     = {Solving the incremental satisfiability problem},
  journal   = {The Journal of Logic Programming},
  volume    = {15},
  year      = {1993},
  number    = {1},
  pages     = {177--186}
}

@inproceedings{Audemard:2013:GlucoseIncremental,
  author    = {Gilles Audemard and Jean{-}Marie Lagniez and Laurent Simon},
  title     = {Improving Glucose for Incremental {SAT} Solving with Assumptions:
               Application to {MUS} Extraction},
  booktitle = {Theory and Applications of Satisfiability Testing - {SAT} 2013 - 16th
               International Conference, Helsinki, Finland, July 8-12, 2013. Proceedings},
  pages     = {309--317},
  year      = {2013}
}

@inproceedings{Nadel:2012:Assumptions,
  author    = {Alexander Nadel and
               Vadim Ryvchin},
  title     = {Efficient {SAT} Solving under Assumptions},
  booktitle = {Theory and Applications of Satisfiability Testing - {SAT} 2012 - 15th
               International Conference, Trento, Italy, June 17-20, 2012. Proceedings},
  pages     = {242--255},
  year      = {2012}
}

@inproceedings{Nadel:2012:PreprocessingIncremental,
  author    = {Alexander Nadel and
               Vadim Ryvchin and
               Ofer Strichman},
  title     = {Preprocessing in Incremental {SAT}},
  booktitle = {Theory and Applications of Satisfiability Testing - {SAT} 2012 - 15th
               International Conference, Trento, Italy, June 17-20, 2012. Proceedings},
  pages     = {256--269},
  year      = {2012}
}

@inproceedings{Nadel:2014:Incremental,
  author    = {Alexander Nadel and
               Vadim Ryvchin and
               Ofer Strichman},
  title     = {Ultimately Incremental {SAT}},
  booktitle = {Theory and Applications of Satisfiability Testing - {SAT} 2014 - 17th
               International Conference, Held as Part of the Vienna Summer of Logic,
               {VSL} 2014, Vienna, Austria, July 14-17, 2014. Proceedings},
  series    = {Lecture Notes in Computer Science},
  volume    = {8561},
  editor    = {Carsten Sinz and
               Uwe Egly},
  publisher = {Springer},
  pages     = {206--218},
  year      = {2014}
}

@inproceedings{Fazekas:2019:IncrementalInprocessing,
  author    = {Katalin Fazekas and
               Armin Biere and
               Christoph Scholl},
  title     = {Incremental Inprocessing in {SAT} Solving},
  booktitle = {Theory and Applications of Satisfiability Testing - {SAT} 2019 - 22nd
               International Conference, {SAT} 2019, Lisbon, Portugal, July 9-12,
               2019, Proceedings},
  pages     = {136--154},
  year      = {2019},
  editor    = {Mikol{\'{a}}s Janota and
               In{\^{e}}s Lynce},
  series    = {Lecture Notes in Computer Science},
  volume    = {11628},
  publisher = {Springer},
}


% Analyze Final
@inproceedings{Lagniez:2013:Factoring,
  author    = {Jean{-}Marie Lagniez and Armin Biere},
  title     = {Factoring Out Assumptions to Speed Up {MUS} Extraction},
  booktitle = {Theory and Applications of Satisfiability Testing - {SAT} 2013 - 16th
               International Conference, Helsinki, Finland, July 8-12, 2013. Proceedings},
  pages     = {276--292},
  year      = {2013}
}

% CDCL: Preprocessing
@inproceedings{Bacchus:2003:Preprocessing,
  author    = {Fahiem Bacchus and
               Jonathan Winter},
  title     = {Effective Preprocessing with Hyper-Resolution and Equality Reduction},
  booktitle = {Theory and Applications of Satisfiability Testing, 6th International
               Conference, {SAT} 2003. Santa Margherita Ligure, Italy, May 5-8, 2003
               Selected Revised Papers},
  pages     = {341--355},
  year      = {2003}
}

@inproceedings{EenBiere:2005:Preprocessing,
  author    = {Niklas E{\'{e}}n and Armin Biere},
  title     = {Effective Preprocessing in {SAT} Through Variable and Clause Elimination},
  booktitle = {Theory and Applications of Satisfiability Testing, 8th International
               Conference, {SAT} 2005, St. Andrews, UK, June 19-23, 2005, Proceedings},
  pages     = {61--75},
  year      = {2005}
}

@inproceedings{Heule:2010:BCE,
  author    = {Matti J{\"{a}}rvisalo and
               Armin Biere and
               Marijn Heule},
  title     = {Blocked Clause Elimination},
  booktitle = {Tools and Algorithms for the Construction and Analysis of Systems,
               16th International Conference, {TACAS} 2010, Held as Part of the Joint
               European Conferences on Theory and Practice of Software, {ETAPS} 2010,
               Paphos, Cyprus, March 20-28, 2010. Proceedings},
  pages     = {129--144},
  year      = {2010}
}

@inproceedings{Jarvisalo:2010:BCE2,
  author    = {Matti J{\"{a}}rvisalo and
               Armin Biere},
  title     = {Reconstructing Solutions after Blocked Clause Elimination},
  booktitle = {Theory and Applications of Satisfiability Testing - {SAT} 2010, 13th
               International Conference, {SAT} 2010, Edinburgh, UK, July 11-14, 2010.
               Proceedings},
  pages     = {340--345},
  year      = {2010}
}

@inproceedings{Heule:2011:Unhiding,
  author    = {Marijn Heule and
               Matti J{\"{a}}rvisalo and
               Armin Biere},
  title     = {Efficient {CNF} Simplification Based on Binary Implication Graphs},
  booktitle = {Theory and Applications of Satisfiability Testing - {SAT} 2011 - 14th
               International Conference, {SAT} 2011, Ann Arbor, MI, USA, June 19-22,
               2011. Proceedings},
  pages     = {201--215},
  year      = {2011}
}

@article{Biere:2012:CLS,
  author    = {Matti J{\"{a}}rvisalo and
               Armin Biere and
               Marijn Heule},
  title     = {Simulating Circuit-Level Simplifications on {CNF}},
  journal   = {J. Autom. Reasoning},
  volume    = {49},
  number    = {4},
  pages     = {583--619},
  year      = {2012}
}

@inproceedings{Jarvisalo:2012:Inprocessing,
  author    = {Matti J{\"{a}}rvisalo and
               Marijn Heule and
               Armin Biere},
  title     = {Inprocessing Rules},
  booktitle = {Automated Reasoning - 6th International Joint Conference, {IJCAR}
               2012, Manchester, UK, June 26-29, 2012. Proceedings},
  pages     = {355--370},
  year      = {2012}
}

@inproceedings{Manthey:2012:Coprocessor2,
  author    = {Norbert Manthey},
  title     = {Coprocessor 2.0 - {A} Flexible {CNF} Simplifier - (Tool Presentation)},
  editor    = {Alessandro Cimatti and
               Roberto Sebastiani},
  booktitle     = {Theory and Applications of Satisfiability Testing - {SAT} 2012 - 15th
               International Conference, Trento, Italy, June 17-20, 2012. Proceedings},
  series    = {Lecture Notes in Computer Science},
  volume    = {7317},
  publisher = {Springer},
  year      = {2012},
  pages     = {436--441},
}

@inproceedings{Manthey:2012:Reencoding,
  author    = {Norbert Manthey and
               Marijn Heule and
               Armin Biere},
  title     = {Automated Reencoding of Boolean Formulas},
  booktitle = {Hardware and Software: Verification and Testing - 8th International
               Haifa Verification Conference, {HVC} 2012, Haifa, Israel, November
               6-8, 2012. Revised Selected Papers},
  pages     = {102--117},
  year      = {2012}
}

@inproceedings{Balint:2013:PreprocessorTuning,
  author    = {Adrian Balint and Norbert Manthey},
  title     = {Boosting the Performance of {SLS} and {CDCL} Solvers by Preprocessor Tuning},
  editor    = {Le Berre, Daniel},
  booktitle     = {{POS-13.} Fourth Pragmatics of {SAT} workshop, a workshop of the {SAT}
               2013 conference, July 7, 2013, Helsinki, Finland},
  series    = {EPiC Series in Computing},
  volume    = {29},
  publisher = {EasyChair},
  year      = {2014},
  pages     = {1--14},
}

@inproceedings{Manthey:2014:Features,
  author = {Enrique Matos Alfonso and Norbert Manthey},
  title = {New {CNF} Features and Formula Classification},
  editor    = {Le Berre, Daniel},
  booktitle     = {{POS-14.} Fifth Pragmatics of {SAT} workshop, a workshop of the {SAT}
               2014 conference, part of FLoC 2014 during the Vienna Summer of Logic,
               July 13, 2014, Vienna, Austria},
  series    = {EPiC Series in Computing},
  volume    = {27},
  publisher = {EasyChair},
  year      = {2014},
  pages = {57-71},


}

@inproceedings{Manthey:2016:Structure,
  author = {Möhle, Sibylle and Manthey, Norbert},
  title = {Better Evaluations by Analyzing Benchmark Structure},
  booktitle = {Seventh Pragmatics of {SAT} workshop, a workshop of the {SAT}
               2016 conference, July 4th, 2016, Bordeaux, France},
  year = {2016}
}

@article{ChuMin:2018:Vivification,
  author    = {Chu{-}Min Li and
               Fan Xiao and
               Mao Luo and
               Felip Many{\`{a}} and
               Zhipeng L{\"{u}} and
               Yu Li},
  title     = {Clause Vivification by Unit Propagation in {CDCL} {SAT} Solvers},
  journal   = {CoRR},
  volume    = {abs/1807.11061},
  year      = {2018},
  url       = {http://arxiv.org/abs/1807.11061}
}


% Recent
@inproceedings{Heule:2017:SDCL,
  author    = {Marijn J. H. Heule and
               Benjamin Kiesl and
               Martina Seidl and
               Armin Biere},
  title     = {PRuning Through Satisfaction},
  booktitle = {Hardware and Software: Verification and Testing - 13th International
               Haifa Verification Conference, {HVC} 2017, Haifa, Israel, November
               13-15, 2017, Proceedings},
  pages     = {179--194},
  year      = {2017}
}

@inproceedings{Heule:2019:SDCL,
  author    = {Marijn J. H. Heule and
               Benjamin Kiesl and
               Armin Biere},
  title     = {Encoding Redundancy for Satisfaction-Driven Clause Learning},
  booktitle = {Tools and Algorithms for the Construction and Analysis of Systems
               - 25th International Conference, {TACAS} 2019, Held as Part of the
               European Joint Conferences on Theory and Practice of Software, {ETAPS}
               2019, Prague, Czech Republic, April 6-11, 2019, Proceedings, Part
               {I}},
  pages     = {41--58},
  year      = {2019}
}

@article{Heule:2017:Schur,
  author    = {Marijn J. H. Heule},
  title     = {Schur Number Five},
  journal   = {CoRR},
  volume    = {abs/1711.08076},
  year      = {2017},
  url       = {http://arxiv.org/abs/1711.08076}
}



@inproceedings{England:2017:LRB,
  author    = {Matthew England and
               Vijay Ganesh},
  title     = {Preface},
  booktitle = {Proceedings of the 2nd International Workshop on Satisfiability Checking
               and Symbolic Computation co-located with the 42nd International Symposium
               on Symbolic and Algebraic Computation {(ISSAC} 2017), Kaiserslautern,
               Germany, July 29, 2017},
  year      = {2017}
}

@inproceedings{Jamali:2018:Centrality,
  author    = {Sima Jamali and
               David Mitchell},
  title     = {Centrality-Based Improvements to {CDCL} Heuristics},
  booktitle = {Theory and Applications of Satisfiability Testing - {SAT} 2018 - 21st
               International Conference, {SAT} 2018, Held as Part of the Federated
               Logic Conference, FloC 2018, Oxford, UK, July 9-12, 2018, Proceedings},
  pages     = {122--131},
  year      = {2018}
}

%% CDCL: Abstraction Refinement
@article{Giunchiglia:1992:Abstraction,
  author    = {Fausto Giunchiglia and Toby Walsh},
  title     = {A Theory of Abstraction},
  journal   = {Artif. Intell.},
  volume    = {57},
  number    = {2-3},
  pages     = {323--389},
  year      = {1992}
} 

@inproceedings{Heule:2011:CubeConquer,
  author    = {Marijn Heule and Oliver Kullmann and Siert Wieringa and Armin Biere},
  title     = {Cube and Conquer: Guiding {CDCL} {SAT} Solvers by Lookaheads},
  booktitle = {Hardware and Software: Verification and Testing - 7th International
               Haifa Verification Conference, {HVC} 2011, Haifa, Israel, December
               6-8, 2011, Revised Selected Papers},
  pages     = {50--65},
  year      = {2011}
} 

@inproceedings{Clarke:2000:CEGAR,
  author    = {Edmund M. Clarke and Orna Grumberg and Somesh Jha and Yuan Lu and Helmut Veith},
  title     = {Counterexample-Guided Abstraction Refinement},
  booktitle = {Computer Aided Verification, 12th International Conference, {CAV}
               2000, Chicago, IL, USA, July 15-19, 2000, Proceedings},
  pages     = {154--169},
  year      = {2000}
} 

@inproceedings{Clarke:2002:CEGAR,
  author    = {Edmund M. Clarke},
  title     = {SAT-Based Counterexample Guided Abstraction Refinement},
  booktitle = {Model Checking of Software, 9th International {SPIN} Workshop, Grenoble,
               France, April 11-13, 2002, Proceedings},
  pages     = {1},
  year      = {2002}
}

@article{Clarke:2003:CEGAR,
  author    = {Edmund M. Clarke and Orna Grumberg and Somesh Jha and Yuan Lu and Helmut Veith},
  title     = {Counterexample-guided abstraction refinement for symbolic model checking},
  journal   = {J. {ACM}},
  volume    = {50},
  number    = {5},
  pages     = {752--794},
  year      = {2003}
} 

@inproceedings{Akos:2016:CEGAR,
  author    = {Andr{\'{a}}s V{\"{o}}r{\"{o}}s and
               D{\'{a}}niel Darvas and
               Vince Moln{\'{a}}r and
               Attila Klenik and
               {\'{A}}kos Hajdu and
               Attila J{\'{a}}mbor and
               Tam{\'{a}}s Bartha and
               Istv{\'{a}}n Majzik},
  title     = {PetriDotNet 1.5: Extensible Petri Net Editor and Analyser for Education
               and Research},
  booktitle = {Application and Theory of Petri Nets and Concurrency - 37th International
               Conference, {PETRI} {NETS} 2016, Toru{\'{n}}, Poland, June 19-24,
               2016. Proceedings},
  pages     = {123--132},
  year      = {2016}
}

@inproceedings{Ganzinger:2004:DPLLT,
  author    = {Harald Ganzinger and George Hagen and Robert Nieuwenhuis and Albert Oliveras and Cesare Tinelli},
  title     = {{DPLL(} {T):} Fast Decision Procedures},
  booktitle = {Computer Aided Verification, 16th International Conference, {CAV}
               2004, Boston, MA, USA, July 13-17, 2004, Proceedings},
  pages     = {175--188},
  year      = {2004}
}

@inproceedings{Brummayer:2009:SMT,
  author    = {Robert Brummayer and
               Armin Biere},
  title     = {Boolector: An Efficient {SMT} Solver for Bit-Vectors and Arrays},
  editor    = {Stefan Kowalewski and
               Anna Philippou},
  booktitle = {Tools and Algorithms for the Construction and Analysis of Systems,
               15th International Conference, {TACAS} 2009, Held as Part of the Joint
               European Conferences on Theory and Practice of Software, {ETAPS} 2009,
               York, UK, March 22-29, 2009. Proceedings},
  pages     = {174--177},
  year      = {2009},
  series    = {Lecture Notes in Computer Science},
  volume    = {5505},
  publisher = {Springer},
}

@article{Silva:2013:ACDCL,
  author    = {Vijay D'Silva and Leopold Haller and Daniel Kroening},
  title     = {Abstract conflict driven learning},
  booktitle = {The 40th Annual {ACM} {SIGPLAN-SIGACT} Symposium on Principles of
               Programming Languages, {POPL} '13, Rome, Italy - January 23 - 25, 2013},
  pages     = {143--154},
  year      = {2013}
} 

@inproceedings{Silva:2014:ACDCL,
  author    = {Vijay D'Silva and Leopold Haller and Daniel Kroening},
  title     = {Abstract satisfaction},
  booktitle = {The 41st Annual {ACM} {SIGPLAN-SIGACT} Symposium on Principles of
               Programming Languages, {POPL} '14, San Diego, CA, USA, January 20-21,
               2014},
  pages     = {139--150},
  year      = {2014}
}

@article{Dantsin:2006:ClauseShortening,
  author    = {Evgeny Dantsin and Alexander Wolpert},
  title     = {A Faster Clause-Shortening Algorithm for {SAT} with No Restriction on Clause Length},
  journal   = {{JSAT}},
  volume    = {1},
  number    = {1},
  pages     = {49--60},
  year      = {2006},
  url       = {https://satassociation.org/jsat/index.php/jsat/article/view/7}
}

@inproceedings{Bryant:2007:BVArith,
  author    = {Randal E. Bryant and
               Daniel Kroening and
               Jo{\"{e}}l Ouaknine and
               Sanjit A. Seshia and
               Ofer Strichman and
               Bryan A. Brady},
  title     = {Deciding Bit-Vector Arithmetic with Abstraction},
  booktitle = {Tools and Algorithms for the Construction and Analysis of Systems,
               13th International Conference, {TACAS} 2007, Held as Part of the Joint
               European Conferences on Theory and Practice of Software, {ETAPS} 2007
               Braga, Portugal, March 24 - April 1, 2007, Proceedings},
  pages     = {358--372},
  year      = {2007}
}

@inproceedings{Zeljic:2014:Approximations,
  author    = {Aleksandar Zeljic and
               Christoph M. Wintersteiger and
               Philipp R{\"{u}}mmer},
  title     = {Approximations for Model Construction},
  booktitle = {Automated Reasoning - 7th International Joint Conference, {IJCAR}
               2014, Held as Part of the Vienna Summer of Logic, {VSL} 2014, Vienna,
               Austria, July 19-22, 2014. Proceedings},
  editor    = {Carsten Sinz and
               Uwe Egly},
  series    = {Lecture Notes in Computer Science},
  volume    = {8561},
  publisher = {Springer},
  pages     = {344--359},
  year      = {2014}
}


% implicit learning
@article{Lu:2004:ImplicitLearning,
  author    = {Feng Lu and
               Li{-}C. Wang and
               Kwang{-}Ting (Tim) Cheng and
               John Moondanos and
               Ziyad Hanna},
  title     = {A Signal Correlation Guided Circuit-SAT Solver},
  journal   = {Journal of Universal Computer Science},
  volume    = {10},
  number    = {12},
  pages     = {1629--1654},
  year      = {2004}
}


%% CDCL: Random Simulation 
@inproceedings{Krohm:1996:RandomSimulation,
  author    = {Florian Krohm and Andreas Kuehlmann and Arjen Mets},
  title     = {The use of random simulation in formal verification},
  booktitle = {1996 International Conference on Computer Design {(ICCD} '96), {VLSI}
               in Computers and Processors, October 7-9, 1996, Austin, TX, USA, Proceedings},
  pages     = {371--376},
  year      = {1996}
}

@inproceedings{Kuehlmann:2004:RandomSimulation,
  author    = {Andreas Kuehlmann},
  title     = {Dynamic transition relation simplification for bounded property checking},
  booktitle = {2004 International Conference on Computer-Aided Design, {ICCAD} 2004,
               San Jose, CA, USA, November 7-11, 2004},
  pages     = {50--57},
  year      = {2004}
}


%% CDCL: Misc
@inproceedings{Sakallah:2011:Empirical,
  author    = {Hadi Katebi and Karem A. Sakallah and Jo{\~{a}}o P. Marques Silva},
  title     = {Empirical Study of the Anatomy of Modern Sat Solvers},
  booktitle = {Theory and Applications of Satisfiability Testing - {SAT} 2011 - 14th
               International Conference, {SAT} 2011, Ann Arbor, MI, USA, June 19-22,
               2011. Proceedings},
  pages     = {343--356},
  year      = {2011}
}

@misc{Chen:2016:abcdSAT,
  author    = {Jingchao Chen},
  title     = {Improving {SAT} Solvers via Blocked Clause Decomposition},
  journal   = {CoRR},
  volume    = {{abs/1604.00536}},
  year      = {2016},
  url       = {http://arxiv.org/abs/1604.00536}
}

@inproceedings{Chen:2016:abcdSAT2,
  author    = {Jingchao Chen},
  title     = {Improving abcdSAT by At-Least-One Recently Used Clause Management Strategy},
  journal   = {CoRR},
  volume    = {{abs/1605.01622}},
  year      = {2016},
  url       = {http://arxiv.org/abs/1605.01622}
}


% CDCL: Portfolios
@article{Hoos:2011:SATzilla,
  author    = {Lin Xu and
               Frank Hutter and
               Holger H. Hoos and
               Kevin Leyton{-}Brown},
  title     = {SATzilla: Portfolio-based Algorithm Selection for {SAT}},
  journal   = {CoRR},
  volume    = {{abs/1111.2249}},
  year      = {2011},
  url       = {http://arxiv.org/abs/1111.2249}
}

@inproceedings{Kadioglu:2010:ISAC,
  author    = {Serdar Kadioglu and
               Yuri Malitsky and
               Meinolf Sellmann and
               Kevin Tierney},
  title     = {{ISAC} - Instance-Specific Algorithm Configuration},
  booktitle = {{ECAI} 2010 - 19th European Conference on Artificial Intelligence,
               Lisbon, Portugal, August 16-20, 2010, Proceedings},
  pages     = {751--756},
  year      = {2010}
} 

@article{Ansotegui:2017:StructureFeatures,
  author    = {Carlos Ans{\'{o}}tegui and
               Maria Luisa Bonet and
               Jes{\'{u}}s Gir{\'{a}}ldez{-}Cru and
               Jordi Levy},
  title     = {Structure features for {SAT} instances classification},
  journal   = {J. Applied Logic},
  volume    = {23},
  pages     = {27--39},
  year      = {2017}
}

@inproceedings{Soos:2019:ChrystalBall,
  author    = {Mate Soos and
               Raghav Kulkarni and
               Kuldeep S. Meel},
  editor    = {Mikol{\'{a}}s Janota and
               In{\^{e}}s Lynce},
  title     = {CrystalBall: Gazing in the Black Box of {SAT} Solving},
  booktitle = {Theory and Applications of Satisfiability Testing - {SAT} 2019 - 22nd
               International Conference, {SAT} 2019, Lisbon, Portugal, July 9-12,
               2019, Proceedings},
  series    = {Lecture Notes in Computer Science},
  volume    = {11628},
  pages     = {371--387},
  year      = {2019}
}

@article{Biere:2006:Decomposing,
  author    = {Armin Biere and Carsten Sinz},
  title     = {Decomposing {SAT} Problems into Connected Components},
  journal   = {Journal on Satisfiability, Boolean Modeling and Computation},
  volume    = {2},
  number    = {1-4},
  pages     = {201--208},
  year      = {2006},
}


@InProceedings{Kautz1992,
  author    = {Henry A. Kautz and Bart Selman},
  title     = {Planning as Satisfiability},
  editor    = {Bernd Neumann},
  booktitle = {10th European Conference on Artificial Intelligence, {ECAI} 92, Vienna,
               Austria, August 3-7, 1992. Proceedings},
  pages     = {359--363},
  publisher = {John Wiley and Sons},
  year      = {1992},
}

@Article{Rintanen2006,
  author    = {Jussi Rintanen and Keijo Heljanko and Ilkka Niemel{\"{a}}},
  title     = {Planning as satisfiability: Parallel plans and algorithms for plan search},
  journal   = {Artificial Intelligence},
  year      = {2006},
  volume    = {170},
  number    = {12-13},
  pages     = {1031--1080},
  bibsource = {dblp computer science bibliography, http://dblp.org},
  biburl    = {http://dblp.dagstuhl.de/rec/bib/journals/ai/RintanenHN06},
  OPTdoi       = {10.1016/j.artint.2006.08.002},
}

@InProceedings{Rintanen2007,
author={Wehrle, Martin and Rintanen, Jussi},
editor={Orgun, Mehmet A. and Thornton, John},
title={Planning as Satisfiability with Relaxed exist-Step Plans},
  booktitle     = {{AI} 2007: Advances in Artificial Intelligence, 20th Australian Joint
               Conference on Artificial Intelligence, Gold Coast, Australia, December
               2-6, 2007, Proceedings},
  series    = {Lecture Notes in Computer Science},
  volume    = {4830},
year={2007},
publisher={Springer},
pages={244--253},
OPTisbn="978-3-540-76928-6"
}

@InProceedings{Balyo2013,
  author    = {Tomas Balyo},
  title     = {Relaxing the Relaxed Exist-Step Parallel Planning Semantics},
  booktitle = {2013 {IEEE} 25th International Conference on Tools with Artificial Intelligence},
  year      = {2013},
  pages     = {865--871},
  publisher = {{IEEE} Computer Society},
  bibsource = {dblp computer science bibliography, http://dblp.org},
  biburl    = {http://dblp.dagstuhl.de/rec/bib/conf/ictai/Balyo13},
  OPTdoi       = {10.1109/ICTAI.2013.131},
}

@inproceedings{Madagascar14,
  title={Madagascar: Scalable planning with {SAT}},
  author={Rintanen, Jussi},
  booktitle= {Proceedings of the 8th International Planning Competition (IPC-2014)},
  pages= {1--5},
  year={2014}
}

@inproceedings{Pasar19,
  title={{PASAR}--Planning as Satisfiability with Abstraction Refinement},
  author    = {Nils Christian Froleyks and
               Tom{\'{a}}s Balyo and
               Dominik Schreiber},
  editor    = {Pavel Surynek and
               William Yeoh},
  booktitle     = {Proceedings of the Twelfth International Symposium on Combinatorial
               Search, {SOCS} 2019, Napa, California, 16-17 July 2019},
  publisher = {{AAAI} Press},
  pages={70--78},
  year={2019}
}

@article{FastDownward06,
  title={The {F}ast {D}ownward planning system},
  author={Helmert, Malte},
  journal={Journal of Artificial Intelligence Research},
  volume={26},
  pages={191--246},
  year={2006}
}

@inproceedings{TreeRex19,
  title={{Tree-REX}: {SAT}-based tree exploration for efficient and high-quality {HTN} planning},
  author={Schreiber, Dominik and Pellier, Damien and Fiorino, Humbert and others},
  booktitle = {Proceedings of the Twenty-Ninth International Conference on Automated
               Planning and Scheduling, {ICAPS} 2018, Berkeley, CA, USA, July 11-15,
               2019},
  pages     = {382--390},
  publisher = {{AAAI} Press},
  editor    = {J. Benton and
               Nir Lipovetzky and
               Eva Onaindia and
               David E. Smith and
               Siddharth Srivastava},
  year={2019}
}

@unpublished{benchfeature,
  title           = {Ranking Robustness under Sub-Sampling for the {SAT} {C}ompetition 2018},
  author          = {Katalin Fazekas and Daniela Kaufmann and Armin Biere},
  note            = {Presented at Pragmatics of SAT 2019},
  year = {2019},
  url             = {http://fmv.jku.at/benchfeature/}
}
